2451 3992
974 361 1872 441 EPISTOLA

522 455 855 565 partibus
889 453 1024 537 suis
1062 452 1373 535 confido
1410 486 1424 533 :
1481 458 1676 531 certe
1711 453 1921 559 quod
1958 451 2127 531 illos
2167 484 2329 534 mo-

523 567 743 656 neam
767 634 786 659 ,
817 597 980 646 non
1000 568 1266 646 habeo.
1340 567 1462 648 De—
1481 568 1619 646 illis
1639 591 1889 646 autem
1910 570 2072 646 sum
2094 568 2328 647 solici-
2430 596 2432 660 ξ

521 711 637 765 tus
656 749 675 775 ‚
696 689 826 792 qui
846 684 1119 762 decora
1137 708 1266 763 tua
1296 676 1676 790 Symbolis
1708 683 2156 764 adumbrare
2191 713 2329 762 vo-
2430 711 2432 753 ἐ

522 800 698 882 lent:
722 829 882 907 quo
904 804 1107 880 enim
1135 829 1245 878 res
1259 799 1415 878 haec
1433 799 1737 877 levioris
1759 798 1896 875 effe
1923 804 2166 904 operis
2188 828 2336 876 cre-
2431 787 2432 867 s

523 916 843 1005 ditur,eo
863 919 1100 1022 magis
1119 920 1195 993 in
1222 915 1303 992 eei
1321 913 1586 1021 paffim
1606 937 1977 1020 peccatur,
2019 913 2182 989 Hos
2204 918 2333 1021 igi·n
2432 934 2433 980 ἐ

521 1053 644 1115 tur
663 1061 808 1137 pro
828 1030 1027 1108 virili
1048 1060 1215 1109 mea
1234 1054 1443 1136 parte
1462 1035 1721 1134 juvare
1741 1027 1992 1106 Velim.
2013 1029 2125 1105 Ac
2146 1058 2331 1135 quo-
2433 1119 2434 1136 ξ

523 1150 729 1222 niam
753 1146 900 1250 ipsa
920 1144 1132 1249 hujus
1150 1146 1344 1223 Artis
1365 1168 1732 1252 praecepta
1752 1143 1971 1221 multi
1991 1172 2152 1220 non
2176 1145 2333 1220 satis

521 1260 768 1341 adhuc
790 1260 1076 1341 norunt
1093 1325 1113 1350 ,
1137 1290 1219 1339 ea
1238 1325 1257 1350 ‚
1287 1265 1394 1337 uti
1416 1259 1602 1340 olim
1635 1265 1675 1335 a
1694 1288 1818 1336 me
1838 1258 2332 1343 Sermonibus
2433 1294 2435 1299 ·

521 1375 817 1483 aliquot
851 1405 1017 1455 non
1063 1375 1542 1482 indiligenter
1595 1373 2131 1479 comprehensa
2183 1372 2333 1450 fue-'³

519 1516 726 1582 runt,
753 1492 915 1599 ipsis
937 1489 1364 1572 transcribe».
1432 1491 1686 1594 Adjeci
1707 1495 1925 1567 etiam
1954 1488 2336 1594 Praeceptis

520 1605 904 1690 lefflffima
920 1672 940 1697 ,
979 1637 1144 1714 quae
1162 1610 1484 1713 reperire
1502 1610 1758 1713 potui,
1780 1602 2118 1709 exempla
2136 1667 2156 1692 ,
2177 1607 2334 1711 qui-

522 1719 659 1804 bus
687 1725 1020 1830 inspectis
1039 1787 1059 1812 ,
1081 1721 1279 1807 ldeas
1299 1721 1404 1800 illi
1427 1750 1737 1828 quoque
1774 1749 1938 1797 non
1976 1719 2295 1795 humiles
2312 1780 2335 1807 ‚

523 1845 595 1924 ὃς
617 1837 832 1916 exiles
853 1903 874 1928 ,
894 1837 1012 1919 sed
1031 1837 1444 1944 splendidas
1468 1848 1537 1915 ὅ(
1557 1833 1990 1944 magnificas
2009 1898 2028 1922 ,
2053 1840 2330 1941 tua‘que

522 1952 715 2038 adeo
740 1952 1034 2035 Virtute
1054 1984 1139 2033 ac
1154 1953 1458 2034 fortuna
1496 1953 1756 2059 dignas
1794 1954 2056 2026 animo
2086 1955 2362 2031 conci„
2435 1962 2436 1968 ’

522 2070 752 2171 piant,
818 2068 1002 2147 Hoc
1022 2073 1273 2176 itaque
1296 2068 1689 2146 confilium
1711 2095 2007 2154 meum,
2043 2065 2334 2147 SERE-
2435 2076 2436 2136 ἒ

524 2181 976 2266 NISSIME
1028 2181 1712 2284 ARCHIDUX‚
1750 2182 2035 2258 honori
2055 2201 2191 2255 tuo
2212 2205 2336 2256 vet

526 2293 1160 2402 lificatu1.⁴‚quoad
1204 2325 1350 2401 ego
1388 2296 1694 2399 quidem
1732 2294 2046 2402 poffum.
2084 2295 2338 2400 Atque

528 2412 821 2497 utinam
844 2439 932 2488 ex
962 2412 1222 2489 labore
1245 2408 1386 2487 isto
1422 2438 1600 2486 meo
1635 2412 1855 2489 multi
1893 2408 2332 2515 proficiant,

530 2531 772 2631 eo'que
793 2532 1119 2630 peritius,
1140 2555 1225 2602 ac
1244 2523 1524 2602 felicius
1555 2550 1695 2602 tuae
1715 2526 1974 2634 gloriae
1994 2525 2332 2605 serviant,
2436 2592 2437 2598 ,

528 2637 998 2720 Gratulabor
1027 2643 1426 2722 enimvero
1447 2663 1627 2721 tunc
1647 2645 1834 2720 mihi
1862 2705 1881 2730 ,
1903 2640 2133 2747 quod,
2155 2643 2331 2719 cum
2436 2671 2441 2749 J

530 2753 738 2832 nulla
759 2755 904 2860 ipse
937 2756 1307 2861 Symbola
1327 2752 1499 2831 Tibi
1528 2756 1895 2834 adornem
1940 2821 1960 2846 ,
1997 2756 2089 2833 ad
2114 2784 2194 2832 ea
2233 2779 2332 2832 ta..
2436 2790 2437 2794 ¹

530 2891 711 2955 men
760 2932 781 2958 ,
829 2900 994 2977 quae
1033 2877 1321 2976 majore
1359 2899 1535 2946 cum
1589 2870 1808 2950 laude
1861 2870 1974 2975 alij
2033 2875 2337 2948 concin-
2436 2870 2437 2873 '

531 2983 828 3073 nabunt
863 3050 883 3077 ,
919 3017 1229 3094 operam
1251 2986 1579 3092 aliquam
1617 2985 2091 3065 contulerim.
2170 2983 2261 3067 N
2269 3014 2331 3062 e-

531 3128 681 3206 que
699 3105 891 3183 Vero
927 3134 1091 3181 non
1112 3101 1411 3209 possum
1442 3101 1860 3181 monstrare
1897 3101 2046 3206 alijs
2084 3103 2292 3178 Viam
2313 3164 2333 3189 ‚

531 3243 760 3320 quam
787 3216 932 3321 ipse
964 3224 1109 3322 jam
1130 3216 1341 3298 fessus
1386 3244 1551 3293 non
1587 3216 1882 3322 possum
1922 3217 2329 3299 decurrere,

530 3328 897 3437 Nee,quia
917 3337 1132 3439 inopi
1152 3332 1283 3409 sim
1306 3335 1619 3438 ingenio
1638 3396 1658 3422 ,
1679 3362 1843 3411 non
1865 3332 2189 3438 aliquam
2215 3336 2332 3405 cd·

531 3440 722 3531 ferre
768 3447 1392 3556 locupletioribus
1428 3475 1658 3552 opem
1679 3477 1879 3555 queo
1902 3444 2327 3552 ,utipsiau-
2435 3459 2437 3549 j

2209 3587 2332 3636 rea
2435 3577 2437 3635 ἒ
