2451 3992
200 398 307 438 siculi
316 392 425 441 {nim
439 413 534 440 cum
546 401 746 453 voluptate
759 399 859 454 legi,
871 396 1177 450 faciliusque,ac
1187 394 1361 437 tenacius
1382 399 1557 451 imprimi
1583 404 1623 440 &
1638 396 1782 438 haerere
1795 401 1994 439 memoriae'

196 458 449 500 consuevere.
510 460 611 512 Qae
624 459 735 498 causa
748 458 931 498 videlicet
943 457 998 494 est
1012 485 1023 502 ,
1036 454 1147 508 quod
1159 461 1286 508 prima
1299 456 1589 495 Grammatices
1605 457 1806 496 Elementa
1819 458 1861 493 in
1879 456 1992 495 versi-

195 517 305 554 culos
319 514 466 570 digesta
480 542 489 558 ,
505 520 633 569 pueris
650 515 858 556 ediscenda
875 514 1095 553 traduntur.
1152 515 1259 554 Hinc
1278 517 1421 566 pariter
1442 514 1497 553 est
1512 543 1523 561 ‚
1547 513 1655 567 quod
1668 544 1678 559 ,
1699 528 1783 567 quae
1796 512 1988 566 principi&

195 573 433 613 Civitatibus
447 572 544 613 datae
560 576 681 628 Leges
706 575 866 613 fuerunt
884 602 895 618 ‚
912 571 1044 618 versu,
1064 571 1127 610 seu
1153 576 1330 611 carmine
1347 572 1589 615 constabant.
1649 573 1694 610 Et
1707 570 1986 625 ‚quemadmo-
2002 581 2156 619 probam·⁴

193 629 294 671 dum
308 631 537 671 Aristoteles
550 632 826 672 animadvertit
839 660 849 676 ,
864 629 1091 669 Cantilenas
1104 657 1115 675 ‚
1145 629 1194 669 ad
1223 629 1288 668 sua
1303 630 1425 683 usque
1446 643 1626 683 tempora
1642 657 1653 674 ,
1674 643 1822 668 nomen
1836 630 1984 682 Legum
2001 634 2081 667 Sefl.
2092 644 2140 674 19-

193 688 394 733 retinuisse
408 718 419 736 ,
433 687 539 743 quod
557 695 689 742 primae
704 692 893 728 Veterum
909 689 1029 741 Leges
1051 686 1270 726 Cantilenae
1296 688 1445 727 fuerint
1469 707 1480 730 ς
1512 693 1564 727 ita
1587 691 1628 726 in
1642 688 1830 727 Sermone
1854 687 1986 726 nostro
2001 680 2158 719 »Dm-‘²¹³8-

191 745 419 786 Teutonico
435 751 658 787 carminum
674 747 738 787 seu
751 748 1005 799 Hymnorum
1020 751 1061 786 δε
1088 743 1274 784 Odarum
1291 745 1457 798 strophae
1479 744 1607 785 brevis
1633 746 1697 784 lex
1718 743 1989 798 quaedam‚mi-
2050 786 2061 797 .

190 803 419 858 nutulaeque
443 807 563 860 Leges
588 802 786 858 hodieque
799 804 1057 857 appellantur.
1117 804 1325 858 Qioniam
1339 802 1433 843 verb
1444 802 1699 843 Didasticum
1709 816 1831 857 genus
1845 816 1964 842 omne
1977 831 1987 849 ,
2000 787 2200 869 g’sffiffffzfi‘oe

189 875 311 917 atque
336 865 440 902 Artis
458 863 659 914 cujuslibet
674 863 870 902 institutio
884 865 1062 901 tetricam
1089 861 1345 914 severamque
1370 861 1539 915 speciem
1563 861 1716 915 praefert
1734 891 1743 906 ,
1771 874 1859 900 eam
1886 874 1959 913 ego
1976 839 2101 913 >321⁶ss-

189 919 323 973 quoad
333 919 481 974 possem
501 947 514 965 ‚
541 924 800 961 amoeniorem
821 918 990 960 reddere
1005 918 1133 959 studui
1150 949 1161 966 ‚
1175 920 1536 973 acPraeceptionum
1548 917 1737 969 ejusmodi
1751 931 1987 963 amatorem,

187 991 266 1018 ceu
278 980 411 1032 poculi
424 978 608 1019 medicati
631 993 715 1019 oras
734 1007 744 1022 ,
776 979 1045 1031 qualicunque
1057 980 1176 1018 melle
1191 977 1368 1018 oblinere
1385 991 1479 1017 cum
1494 980 1679 1018 Lucretio
1697 977 1780 1015 sum
1794 989 1955 1015 conatus
1978 992 1987 1014 ε

188 1037 240 1079 fic
254 1041 363 1077 enim
377 1041 407 1076 is
421 1066 432 1083 ,
448 1036 530 1090 post
551 1037 748 1078 celebrem
762 1037 872 1076 illam
891 1036 999 1076 suam
1011 1039 1350 1091 comparationem
1374 1035 1505 1076 scribit
1526 1033 1576 1076 ad
1598 1033 1647 1075 C.
1659 1035 1862 1076 Memium
1879 1037 1922 1074 L.
1935 1036 1987 1074 A-

188 1094 318 1138 cliaici
331 1097 459 1137 filium
474 1109 485 1131 .-
1998 1097 2069 1131 Lib.
2081 1099 2163 1138 Μία

389 1179 407 1186 -
439 1154 638 1203 ,Quoniam
655 1151 726 1191 haec
742 1154 839 1193 ratio
857 1152 1073 1207 plerumque
1086 1151 1246 1191 videtur
1996 1149 2220 1182 RenNamrm

388 1209 551 1263 Tristior
569 1208 633 1262 effe
661 1233 674 1241 -
706 1236 724 1243 —
759 1211 867 1250 volui
889 1208 961 1250 tt'bt
979 1207 1261 1262 suaviloquenti

385 1271 552 1308 carmine
570 1270 690 1307 Pierio
709 1271 892 1308 rationem
911 1278 1089 1321 exponere
1101 1265 1260 1318 nostram
1275 1279 1287 1312 ς

384 1331 433 1365 Et
455 1324 561 1379 quast
569 1322 689 1365 Musio
702 1353 713 1368 ‚
727 1325 828 1364 dulci
841 1327 1048 1379 contingere
1069 1325 1166 1363 melle
1183 1341 1191 1364 ς

384 1386 426 1423 Si
439 1380 621 1435 ubifom}
633 1387 798 1423 animum
814 1385 887 1422 tali
906 1387 1051 1422 ratione
1063 1394 1189 1422 tenere

382 1439 538 1491 Versibus
557 1444 598 1479 in
611 1439 718 1493 nostis
729 1438 868 1496 pofflm.
899 1464 913 1472 -
943 1465 958 1476 .

182 1494 406 1539 Versiculos
417 1511 599 1552 ptaeterea
615 1499 712 1552 ipsos
740 1499 889 1538 festivis
913 1495 1116 1538 interdum
1133 1497 1437 1537 narratiunculis
1453 1494 1616 1533 miscere
1629 1523 1639 1540 ‚
1672 1495 1893 1548 respergere
1907 1496 1981 1536 sale

181 1553 380 1607 satyrico,
397 1570 443 1596 ac
457 1557 523 1600 e5,
535 1570 620 1610 quae
631 1558 800 1611 Dialogo
821 1557 921 1596 inest
934 1586 945 1603 ,
964 1557 1087 1611 gratia
1102 1551 1316 1609 leporeque
1333 1554 1496 1594 condire
1519 1552 1691 1591 laboravi
1707 1578 1717 1599 ,
1744 1567 1784 1591 ur.
1800 1569 1980 1607 quacun-

179 1625 262 1667 que
283 1617 438 1654 ratione
456 1615 630 1668 aliquem
650 1614 762 1665 hujus
785 1613 997 1669 disciplina:
1018 1614 1192 1668 saporem
1218 1613 1442 1654 Lestoribus
1464 1611 1720 1653 elaborarem.
1784 1611 1907 1668 Quod
1928 1627 1979 1651 an

179 1669 412 1712 consecutus
427 1674 573 1714 fuerim
588 1702 599 1720 ,
626 1674 792 1714 istorum
807 1673 886 1714 esto
905 1672 1119 1722 judicium.
1182 1671 1382 1712 Caeterum
1405 1672 1653 1710 Oeconomia
1670 1668 1870 1709 Carminis
1898 1671 1979 1710 haec

179 1729 253 1772 est.
313 1731 510 1771 Naturam
535 1730 707 1785 primum
731 1746 850 1786 atque
885 1733 1035 1771 Ortum
1060 1758 1069 1774 ,
1092 1730 1157 1771 seu
1178 1731 1337 1770 Natales
1361 1728 1559 1783 symboli,
1578 1728 1737 1779 petfcffi
1755 1758 1764 1774 ‚
1792 1730 1951 1767 Heroici
1967 1759 1978 1776 ,

179 1801 261 1842 quo
279 1786 330 1828 de
343 1794 536 1843 praecipua
554 1790 655 1830 mihi
669 1790 868 1831 Tra&atio
882 1791 936 1831 est
954 1820 964 1838 ,
996 1790 1190 1843 explicare
1210 1787 1419 1843 aggredior
1452 1806 1461 1825 ι
1495 1786 1629 1825 Trado
1650 1784 1742 1825 dein
1766 1801 1844 1833 ejus
1870 1786 1979 1826 Defi-

173 1848 372 1887 nitionem
402 1876 414 1894 ,
454 1861 501 1888 ac
520 1847 671 1888 summa
692 1853 871 1904 quinque
891 1847 1165 1904 generaliaque
1179 1848 1288 1887 Pauli
1304 1848 1405 1896 Jovij
1422 1846 1623 1898 Praecepta.
1673 1845 1859 1883 Geminas
1882 1859 1977 1897 prae-

176 1915 285 1944 terea
308 1919 455 1958 partes,
471 1906 612 1961 quibus
627 1907 888 1960 perficiuntur
900 1907 1084 1961 Symbola
1106 1907 1258 1960 prorsus
1270 1909 1406 1945 omnia
1422 1937 1432 1952 ‚
1446 1903 1601 1955 Corpus
1623 1898 1805 1942 videlicet
1821 1917 1865 1941 ac
1885 1908 1975 1941 fini-

172 1963 490 2019 marn2seu,quod
503 1963 610 2005 idem
621 1966 877 2022 est‚Figuram
889 1980 935 2005 ac
950 1964 1299 2011 Lemma,totidem
1314 1961 1555 2003 sermonibus
1571 1960 1973 2015 expono:duobusque

171 2021 254 2071 aliis
265 2035 447 2062 ornatum
459 2054 471 2071 ‚
482 2022 655 2078 vitiaque
669 2024 948 2077 Symbolorum
962 2037 1117 2065 enarro.

287 2081 411 2121 Porro
425 2080 518 2121 cum
534 2083 723 2136 Exempla
734 2097 818 2122 non
831 2082 879 2123 ad
893 2081 1092 2137 agendum
1107 2078 1228 2121 modo
1244 2108 1254 2122 ‚
1276 2077 1414 2119 verum
1438 2081 1556 2117 etiam
1575 2075 1623 2115 ad
1646 2076 1949 2130 intelligendum
1964 2100 1977 2118 ,

172 2137 283 2191 quod
295 2145 514 2193 praecipitur
528 2170 539 2187 ,
554 2139 771 2195 plurimum
794 2143 948 2181 valeant
963 2168 974 2185 ,
986 2154 1125 2180 corum
1141 2152 1302 2192 quoque
1316 2150 1526 2176 numerum
1546 2133 1645 2172 bene
1660 2149 1849 2188 maguum
1868 2134 1973 2173 deze-

172 2198 215 2249 gi
228 2226 237 2241 ,
259 2195 384 2252 eaque
398 2202 441 2238 in
457 2211 626 2253 quatuor
643 2199 788 2240 Classes
802 2198 1004 2241 distribui,
1016 2210 1132 2251 prout
1147 2209 1381 2250 argumento
1395 2221 1405 2236 ‚
1421 2199 1461 2232 &
1478 2192 1693 2230 Austorum
1706 2193 1861 2231 suorum
1874 2206 1975 2231 con-

173 2251 259 2293 filio
275 2284 285 2301 ‚
302 2255 579 2311 propositoque
601 2254 761 2298 differre
786 2256 1036 2298 videbantur.
1096 2257 1233 2308 ltaque
1243 2254 1356 2293 Sacra
1368 2281 1378 2298 ,
1394 2252 1456 2291 seu
1482 2249 1704 2289 Christiana
1721 2254 1886 2302 primam
1902 2253 1975 2288 mi-

171 2309 217 2352 hi
233 2311 401 2355 Ciaffem
416 2316 673 2355 constituunt.
734 2317 944 2359 Militaria‚
962 2315 1117 2354 Erotica
1132 2343 1142 2359 ‚
1157 2314 1295 2364 Regia,
1311 2305 1543 2363 proprieque
1558 2306 1660 2345 dusta
1675 2310 1845 2347 Heroica
1857 2337 1866 2353 ,
1885 2321 1974 2359 pro-

172 2373 334 2411 ximam.
395 2374 571 2413 Tertiam
586 2372 730 2414 deinde
745 2374 896 2413 faciunt
912 2372 1048 2410 Ethica
1063 2377 1103 2411 δε
1116 2371 1277 2409 Politica
1289 2398 1299 2414 ,
1315 2382 1399 2422 quae
1414 2380 1542 2405 mores
1557 2365 1786 2404 informant.
1827 2366 1972 2404 Postre-

173 2441 281 2469 mam
296 2429 471 2484 denique
486 2432 655 2484 Satyrica
669 2463 679 2479 ,
710 2431 851 2487 quibus
873 2434 968 2469 vitia
987 2441 1213 2481 carpuntur.
1275 2423 1481 2465 Immerito
1494 2428 1601 2462 enim
1616 2422 1698 2461 haec
1720 2423 1860 2463 ultima
1886 2436 1972 2462 toto

172 2486 452 2538 Symbolorum
475 2490 618 2544 Regno
636 2487 890 2543 proscripsisse
906 2488 1004 2527 visus
1026 2487 1081 2527 est
1111 2499 1197 2525 tum
1217 2484 1340 2531 mihi,
1364 2497 1448 2523 tum
1476 2483 1555 2528 alijs
1576 2483 1759 2533 Moynius
1792 2498 1799 2519 :
1835 2485 1972 2533 utique

169 2543 264 2585 cum
283 2550 325 2585 in
357 2547 462 2587 suam
478 2547 556 2600 ipse
579 2549 709 2602 legem
734 2548 851 2588 semel
879 2545 1105 2598 iterumque
1131 2545 1312 2597 peccarit.
1373 2541 1509 2581 Videri
1543 2551 1674 2578 autem
1697 2553 1783 2578 mea
1812 2553 1920 2592 quoq
1925 2553 1974 2577 ue

173 2602 242 2643 ista
267 2603 547 2658 quadripartita
564 2604 702 2645 divi'fio
723 2605 831 2659 poffit
844 2603 1061 2657 aliquibus,
1077 2616 1158 2641 non
1175 2602 1283 2652 justis
1301 2598 1400 2639 adeo
1414 2595 1655 2651 praecisisque
1673 2597 1864 2636 limitibus
1895 2602 1973 2635 cir-

170 2662 426 2715 cumscripta,
443 2676 484 2702 ut
499 2667 636 2702 nonin
652 2663 820 2704 Classem
838 2666 1010 2701 vicinam
1026 2690 1036 2707 ,
1050 2659 1100 2698 ob
1115 2658 1321 2698 modicum
1344 2673 1353 2696 ε
1371 2661 1440 2711 qui
1462 2655 1642 2699 interest,
1659 2654 1808 2693 sulcum
1824 2667 1888 2693 aut
1904 2655 1976 2693 cli-

170 2730 268 2757 vum
288 2721 485 2760 transferri
500 2721 684 2774 Symbola
704 2720 901 2776 quaedam,
917 2733 1035 2772 atque
1050 2717 1187 2757 Ethica
1202 2717 1325 2755 Sacris
1345 2745 1355 2761 ,
1386 2721 1427 2755 <Sc
1447 2715 1618 2754 Heroica
1638 2712 1800 2750 viciffim
1826 2712 1971 2751 Ethicis

169 2782 421 2817 annumerari
445 2793 603 2832 queant.
667 2778 806 2819 Minus
825 2792 975 2823 tamen,
998 2790 1040 2816 ut
1060 2775 1226 2815 arbitror
1245 2804 1255 2820 ‚
1276 2770 1589 2812 incommodabit
1611 2770 1690 2808 haec
1717 2769 1938 2809 confinium
1954 2802 1965 2818 ‚

169 2846 216 2873 ac
227 2835 399 2875 limitum
420 2835 632 2891 designatio
649 2868 659 2885 ‚
673 2836 833 2892 quando
856 2838 959 2876 illius
978 2848 1051 2888 ope
1072 2834 1219 2874 Indicis
1236 2861 1246 2878 ‚
1270 2846 1391 2885 quern
1407 2831 1635 2883 Figuratum
1652 2841 1696 2866 ac
1716 2830 1969 2867 Lemmatum

171 2891 248 2931 feci
263 2922 274 2939 ‚
290 2907 424 2946 tuopte
436 2894 595 2934 arbitrio
608 2901 749 2949 poteris
764 2925 775 2942 ,
790 2895 1020 2946 ubicunque
1032 2891 1203 2937 libuerit,
1213 2904 1257 2930 ea
1271 2902 1460 2943 reponere
1476 2900 1520 2926 ac
1536 2886 1698 2938 profana
1712 2889 1826 2925 etiam
1842 2916 1851 2931 ,
1864 2884 1971 2939 quod

169 2949 264 3004 saepe
274 2951 424 2998 licebit,
439 2959 480 2993 ἃς
496 2953 712 2993 Piccinello
733 2952 896 3007 quidem
913 2952 1073 2992 solenne
1095 2979 1106 2996 ‚
1130 2963 1175 2988 ac
1196 2961 1428 3001 perpetuum
1448 2945 1502 2984 est
1516 2974 1525 2990 ‚
1547 2944 1748 2998 Religioni
1765 2944 1966 2982 consecra-

168 3021 225 3047 re.
275 3009 452 3050 Studiose
469 3010 562 3050 vero
576 3012 624 3051 ab
637 3014 807 3051 aliorum
820 3040 830 3057 ‚
842 3024 951 3063 puta,
965 3009 1167 3049 Piccinelli
1186 3004 1359 3055 ejusdem
1377 3036 1387 3052 ,
1410 3004 1637 3052 Menetrerij
1654 3029 1664 3045 ,
1681 3008 1722 3042 δε
1735 3032 1745 3048 ,
1767 3006 1834 3054 qui
1850 3002 1966 3053 Apel-

171 3066 252 3105 lem
262 3066 530 3120 Symbolicum
544 3070 750 3110 novissime
765 3070 940 3123 vulgavit
954 3069 1034 3114 ,Jo,
1053 3065 1265 3105 Michaelis
1284 3071 1370 3107 Όοῐῐ
1393 3060 1464 3105 Det·
1481 3059 1677 3108 stetten!
1703 3060 1884 3112 exemplo
1908 3073 1972 3098 re.

166 3122 257 3164 cesfi
272 3151 282 3168 ²
301 3129 369 3178 qui
381 3140 465 3165 non
482 3128 606 3167 alium
625 3132 666 3167 in
683 3125 927 3168 recensendis
942 3123 1133 3177 Symbolis
1149 3151 1160 3166 ‚
1174 3121 1293 3177 quam
1307 3120 1535 3172 Figuratum
1550 3145 1558 3159 ‚
1570 3115 1647 3156 five
1664 3116 1888 3169 Corporum
1901 3130 1967 3155 or-

167 3180 308 3222 dinem
329 3196 463 3223 tenent
491 3201 500 3223 ε
531 3186 582 3225 Ea
601 3185 693 3225 vero
708 3187 884 3239 Corpora
898 3190 938 3224 δε
957 3184 1105 3236 Figurae
1119 3212 1127 3224 .
1142 3194 1185 3221 ut
1201 3179 1251 3219 ad
1273 3176 1542 3219 diversissimos
1558 3174 1654 3214 fines
1679 3179 1726 3214 ab
1742 3176 1964 3213 Inventori-

167 3237 239 3279 bus
260 3239 333 3279 suis
347 3243 470 3281 relatae
488 3242 618 3289 fuere,
634 3244 683 3284 sic
705 3259 749 3284 ea
762 3246 859 3282 ratio
873 3271 883 3287 ‚
899 3255 942 3280 ac
957 3238 1170 3280 methodus
1201 3240 1364 3292 longum
1386 3265 1397 3282 ‚
1427 3249 1472 3274 ac
1499 3233 1696 3274 sinuosum
1712 3237 1784 3271 iter
1799 3231 1967 3283 praebere

165 3295 393 3344 videbatur,
411 3301 585 3340 Heroem
602 3302 713 3341 suum
732 3301 779 3341 ab
794 3300 924 3354 aliqua
942 3301 1119 3344 Virtute,
1136 3298 1307 3336 Munere
1323 3323 1334 3340 ,
1348 3291 1580 3333 lnduffione
1596 3294 1742 3337 animi,
1764 3289 1961 3337 Consilio,

162 3360 206 3397 δε
220 3356 420 3410 Proposito
436 3357 631 3398 celebrare
649 3363 815 3402 volenti.
873 3358 944 3396 Per
962 3356 1057 3408 ipsas
1076 3353 1207 3409 potius
1224 3356 1399 3393 Virtutes
1417 3381 1425 3397 ,
1441 3351 1596 3395 Munia‚
1610 3346 1963 3402 magnanimosque

161 3413 271 3454 ausus
284 3444 294 3460 2
314 3421 355 3456 &
369 3429 489 3456 omne
503 3431 626 3470 genus
649 3418 772 3462 πάθος
792 3416 938 3456 ducere
962 3428 999 3453 te
1014 3410 1252 3466 compendi&
1267 3412 1432 3456 volui,ur
1451 3408 1610 3449 haberes
1627 3407 1754 3445 statim
1771 3410 1811 3444 in
1830 3419 1965 3458 prom—

161 3484 232 3526 ptu
246 3501 257 3518 ι
269 3486 355 3526 quae
369 3473 469 3513 forte
492 3488 731 3529 percuperes.
797 3471 920 3529 Qiod
936 3471 961 3510 fi
979 3476 1147 3510 omnino
1162 3470 1232 3509 tibi
1250 3469 1374 3508 fixum
1387 3466 1478 3508 effet
1492 3497 1501 3513 ‚
1516 3479 1597 3505 non
1616 3464 1686 3502 nisi
1702 3465 1831 3503 Solem
1847 3494 1857 3510 ‚
1886 3465 1966 3502 Lu-

162 3543 255 3571 nam
271 3559 282 3579 ‚
304 3531 701 3585 Aquilam,1.eonem
723 3538 801 3574 δίε.
831 3528 1081 3627 producereci
1093 3527 1229 3581 praesto
1244 3527 1314 3568 tibi
1330 3539 1409 3588 erat
1423 3526 1578 3566 futurus
1592 3520 1718 3570 idem,
1733 3519 1966 3616 quemFdixi,

1111 3603 1129 3626 z
1368 3589 1375 3594 ‘
1879 3591 1968 3631 lgua
