2385 3987
533 421 595 459 26
1018 405 1316 451 SERMO
1376 405 1459 448 IV.

531 499 606 547 Ne
627 501 846 562 quisquam
868 493 1053 540 dominae
1077 493 1269 539 sacratam
1295 488 1419 553 figere
1441 486 1711 550 Afrugnam,

531 567 848 626 Cervinamque
872 562 978 625 gulae
1002 560 1193 605 Venator
1217 559 1389 620 Apicius
1412 554 1527 600 ausit.
1558 561 1642 607 (kk)

530 631 705 679 Horreo
726 630 793 677 vel
814 627 942 674 Libro
974 626 1214 690 impositam
1231 658 1243 680 ,
1266 629 1309 668 δέ
1339 638 1507 669 manare
1530 622 1683 666 recenti

529 700 738 762 Sanguine
758 694 880 742 credo
899 693 1116 742 Manum:
1151 690 1379 755 videorque
1402 688 1542 737 videre
1564 686 1752 743 securim,

529 764 783 815 Carnificem
795 797 808 820 ,
827 764 1082 826 flentemque
1101 759 1246 808 Reum
1262 793 1275 816 ,
1296 757 1533 822 digitosque
1556 756 1769 801 micantes.

527 832 653 890 Qid
677 849 766 878 non
789 828 937 877 Corda
960 829 1118 875 luunt?
1154 825 1332 891 Apicem
1355 824 1474 871 finire
1498 822 1692 885 jubentur

525 897 823 963 Pyramidum,
843 896 1090 960 Serramque
1111 897 1218 959 pati,
1238 894 1550 954 immeritasque
1573 888 1763 953 Sagittas.

525 965 619 1012 Cur
639 965 803 1013 Oculus
824 964 996 1027 Sceptro
1019 960 1183 1018 infixus,
1197 979 1267 1007 cur
1279 961 1407 1007 Auris
1428 960 1472 1003 in
1486 957 1600 1004 Aura
1617 956 1674 1003 est
1687 962 1706 1001 ἒ

524 1032 619 1080 Cur
643 1051 732 1079 non
752 1037 796 1076 δε
816 1030 985 1078 Nasum
1011 1029 1181 1075 calathis
1197 1063 1210 1086 ,
1235 1033 1280 1072 δε
1304 1026 1476 1074 floribus
1497 1024 1689 1072 addunt?

527 1099 574 1146 ld
599 1100 746 1146 faceret
770 1098 907 1145 forsan
922 1131 934 1153 ,
955 1096 984 1142 s1
1007 1095 1148 1143 nostro
1175 1098 1337 1143 viveret
1358 1110 1469 1149 aeVO,
1801 1117 1803 1119 ·

525 1166 621 1227 Qi
643 1181 784 1213 totum
807 1167 972 1230 optavit
993 1161 1211 1229 quondam
1225 1161 1396 1208 Nasum
1420 1156 1496 1206 ess'e
1514 1157 1813 1213 Fabullumffl)

1081 1285 1314 1354 XIV.

524 1398 654 1502 SEd
677 1397 875 1443 deamant
898 1408 1039 1440 tamen
1064 1392 1189 1455 usque
1213 1400 1427 1443 MANUM,
1454 1387 1603 1444 solam,
1628 1401 1757 1452 atque
1789 1392 1974 1453 recisam,

590 1466 740 1512 Paulus
760 1462 950 1509 Arefius:
988 1466 1048 1517 δέ,
1063 1464 1134 1524 qui
1156 1456 1375 1524 quondam
1396 1454 1580 1502 Nomen
1599 1454 1783 1512 habebit,

523 1534 660 1582 Nunc
683 1531 938 1595 intelligitur.
1008 1527 1215 1591 Namque
1240 1524 1449 1587 Exemplo
1475 1523 1531 1570 est
1547 1525 1730 1579 Manus,
1744 1528 1903 1593 inquit:

526 1599 704 1649 Diversa
728 1599 895 1663 ingenia
918 1594 1168 1642 Authorum
1196 1598 1240 1637 &
1265 1590 1476 1637 Sententia
1502 1586 1708 1654 quantum

523 1672 652 1719 Artes
680 1677 989 1731 promoveant,
1017 1664 1235 1726 vitamque
1254 1663 1400 1722 juvent
1420 1655 1642 1704 Socialem.

525 1736 677 1800 Aspice
704 1731 924 1796 inaequales
946 1728 1122 1792 digitos:
1184 1727 1248 1773 fit
1271 1734 1617 1774 DISPARITATE

525 1810 828 1853 PULCHRIOR.
888 1795 1097 1860 Infignem
1121 1793 1255 1857 Regis
1276 1789 1442 1838 laudare
1468 1788 1719 1838 Ministrum

525 1869 650 1918 Dum
674 1869 787 1931 cupit
806 1864 930 1920 alter,
958 1878 1182 1929 utrumque
1204 1859 1344 1908 Manu
1369 1856 1420 1905 fic
1447 1857 1587 1922 palpat
1615 1857 1774 1905 eadem.

525 1934 754 1984 Artificum
776 1930 931 1979 diversa
955 1930 1026 1979 dat
1048 1930 1327 1979 Instrumenta
1351 1923 1544 1990 gerenda,

523 2002 629 2050 Hoc
653 2007 698 2046 &
722 1999 971 2047 Lemmate:
1007 2006 1224 2047 cuNcTA
1256 2001 1429 2044 REGIT,
1453 2000 1571 2036 DuM
1599 1999 1811 2039 PAREAT
1836 1999 1940 2038 UNI.

520 2068 687 2115 Verum
713 2069 800 2114 haec
820 2081 1032 2129 utcunque
1057 2060 1238 2109 excuses:
1270 2057 1499 2104 obnunciat
1521 2053 1647 2110 Usus,

522 2136 634 2184 Non
657 2133 823 2181 tantum
847 2136 890 2179 in
915 2132 1090 2195 Linguis
1104 2163 1117 2186 ,
1135 2127 1282 2176 verum
1308 2122 1383 2170 hac
1405 2124 1530 2167 etiam
1548 2121 1653 2167 Arte
1673 2118 1903 2184 Magister:

521 2206 672 2265 Qrem
699 2217 824 2268 penes
837 2198 1073 2247 Arbitrium
1098 2197 1181 2253 est,
1205 2194 1287 2242 Vis
1302 2225 1316 2249 ,
1342 2195 1386 2234 δε
1408 2188 1598 2254 suprema
1618 2187 1818 2235 Potestas.

525 2434 751 2538 UNam
776 2431 1022 2498 deposcunt,
1041 2442 1300 2494 quaecunque
1323 2422 1380 2470 est
1397 2424 1482 2480 illa,
1507 2421 1717 2486 figuram.

631 2502 677 2549 ld
698 2502 865 2549 Natura
885 2499 1022 2562 jubet,
1039 2494 1352 2556 Pztlchmmqtte
1368 2494 1612 2553 Bommtque
1630 2491 1813 2555 requirit.

526 2570 650 2618 Nam
674 2572 822 2616 cuncta
844 2567 925 2614 hfic
943 2563 1139 2618 tendunt,
1160 2563 1363 2626 puntftum
1382 2572 1429 2604 ut
1449 2556 1684 2621 redigantur
1703 2556 1755 2605 ad
1774 2572 1921 2603 unum.
1941 2599 1945 2601 ,

526 2637 632 2685 Huc
650 2652 817 2701 quoque
843 2633 872 2681 s1
895 2634 1028 2698 plures
1049 2627 1332 2693 conspiravere
1357 2625 1532 2689 Pigurae,

527 2705 609 2752 Seu
635 2720 859 2750 numerum
881 2701 1058 2755 faciant,
1076 2703 1120 2741 &
1142 2694 1353 2758 Regalem
1375 2694 1628 2739 comitatum

528 2772 742 2835 Principis,
768 2768 1028 2815 Ancillarum
1053 2765 1198 2818 instar3
1237 2759 1503 2822 mediamque
1524 2770 1745 2813 coronent,

528 2839 610 2886 Nil
631 2851 775 2884 contra
787 2834 946 2898 Legem
970 2833 1078 2879 hanc
1101 2829 1327 2896 peccabunt
1344 2825 1560 2891 Symbola.
1595 2825 1811 2884 Qamvis

527 2906 642 2953 Non
663 2906 769 2950 ultra
793 2917 874 2948 tres
899 2915 969 2947 aut
993 2913 1174 2965 quatuor
1203 2892 1423 2960 procedere
1449 2891 1628 2938 debent:

528 2973 619 3028 Ne,
634 2986 835 3034 tanquam
858 2971 901 3014 in
925 2968 1060 3024 turba,
1081 2961 1243 3012 officiat
1263 2961 1335 3008 fibi
1353 2957 1688 3023 Luminibusque

526 3039 755 3105 Obstruat:
793 3049 1072 3099 emoveatque
1094 3033 1206 3087 loco,
1231 3046 1355 3093 quam
1382 3042 1532 3091 ponere
1557 3028 1696 3090 primo

528 3106 763 3161 Institera33
797 3102 904 3150 ne‘ve
924 3104 1115 3167 Efhvum
1125 3097 1370 3165 fitpplantet
1380 3091 1529 3154 Jacob.

529 3237 620 3292 (kk)
643 3244 672 3276 C
673 3235 930 3288 elebmtg'ffimus
938 3234 1072 3279 Helluo‚
1084 3229 1226 3270 Librum
1244 3226 1389 3283 firipsl't
1409 3225 1454 3264 de
1470 3227 1560 3264 Gulx
1580 3227 1834 3270 irritamentis,
1855 3157 1966 3278 2321}

528 3297 573 3334 de
591 3300 713 3349 Apicio
741 3294 830 3332 vide
861 3292 960 3346 apud
974 3291 1153 3329 Raderum
1170 3294 1208 3327 in
1221 3286 1430 3326 Martialem
1444 3283 1515 3321 Lz‘b.
1529 3298 1559 3328 3.
1590 3286 1772 3335 Epigr-2s'-
1796 3282 1840 3322 [s
1850 3283 1921 3321 Lib.
1932 3301 1962 3323 2.

527 3358 691 3407 Epig.65.
716 3351 826 3400 &49·
883 3347 955 3402 (ll)
984 3347 1144 3386 Catullus
1162 3351 1348 3400 Engr.13.
1377 3343 1485 3382 Alia,
1515 3355 1584 3394 qux
1611 3339 1668 3376 hic
1687 3341 1893 3392 afferuntur
1922 3343 1966 3380 de

528 3411 699 3449 eordibus-
717 3408 780 3449 εἴτ.
811 3408 965 3457 Symbola
985 3407 1079 3459 sunt
1107 3407 1407 3457 imperitorum),
1438 3399 1622 3437 Pift'omm
1648 3395 1796 3448 petas,
1833 3415 1968 3453 quam„

526 3466 922 3522 &tixbolographormrhh
