2451 3992
607 316 1551 400 DEDICATORIA.

176 426 374 502 ravit
419 484 441 510 ,
511 420 1326 507 SERENISSIME
1401 425 1973 537 CAROLE,

177 539 384 621 nulla
420 543 684 617 nonin
703 537 812 617 Te
830 538 955 617 vel
990 545 1138 644 jam
1175 539 1519 645 perfecit,
1572 552 1697 624 vel
1734 557 1978 659 pergit

176 655 423 732 adhuc
473 652 865 761 perficere,
917 678 1288 762 quantum
1327 665 1656 739 omnino*
1709 670 1855 768 ejus
1890 671 1972 746 in

173 769 520 876 Principe
555 767 944 847 desiderari
963 771 1224 876 potest.
1328 773 1510 868 Qua
1529 777 1621 853 de
1640 808 1719 855 re
1738 804 1821 856 ut
1841 787 1973 860 mi-

174 886 255 962 hi
306 885 537 992 paulo*
590 884 913 992 amplius
965 885 1303 964 disserere
1348 918 1484 995 per
1526 893 1973 976 modestiam

174 1026 381 1078 tuam
419 1001 912 1110 liceat,1·ogo,
1018 1001 1140 1081 Da
1176 1004 1329 1081 hoc
1367 1006 1635 1085 solatio
1669 1010 1969 1093 nostro:

175 1117 589 1222 jucundum
629 1121 831 1194 enim
868 1116 1089 1199 nobis
1120 1119 1259 1210 est,
1284 1150 1366 1199 ea
1385 1123 1784 1228 pensitare,
1805 1157 1970 1233 quae

173 1232 457 1311 nostras
492 1232 587 1310 de
606 1230 714 1311 Te
732 1233 882 1339 spes
905 1232 1357 1313 confirmare
1377 1263 1671 1344 queant.
1726 1241 1968 1334 Qudd

172 1349 226 1426 fi
245 1372 498 1426 tamen
534 1347 735 1427 haud
757 1376 975 1457 aequo
1003 1349 1159 1426 satis·
1189 1350 1328 1428 fers
1364 1359 1626 1431 animo
1646 1419 1666 1446 ,
1693 1352 1968 1436 Telau-

172 1464 369 1554 dari,
408 1488 586 1571 puta
608 1494 730 1542 me
748 1470 1002 1571 potitis
1037 1464 1190 1543 hoc
1236 1464 1416 1546 loco
1454 1497 1722 1548 eorum
1765 1502 1970 1552 coma

169 1582 527 1658 mentiare
574 1580 1040 1688 diligentiam
1070 1645 1090 1670 ,
1126 1583 1715 1694 industriamque
1749 1589 1970 1666 volu-

171 1694 332 1786 iffe,
353 1695 622 1803 quibus
643 1692 1010 1775 educandi
1045 1701 1154 1774 tui
1193 1726 1450 1779 curam
1483 1703 1798 1809 Augusti
1820 1702 1965 1783 Ge-

168 1815 432 1890 nitoris
453 1813 941 1918 providentia
977 1811 1371 1896 commifit.
1449 1816 1682 1895 Noles
1704 1824 1966 1926 utique

165 1926 285 2006 sua
345 1926 512 2005 illos
553 1926 772 2007 laude
822 1931 1155 2036 privari,
1202 1931 1410 2039 qudd
1445 1961 1619 2011 cum
1656 1940 1798 2013 tuis
1840 1934 1966 2015 illa

168 2041 509 2123 laudibus
528 2042 613 2121 sit
634 2042 1054 2151 conjuncta.

274 2157 1148 2267 OrdioraGymnastica
1196 2170 1266 2240 δε
1304 2155 1741 2256 Palaestrica5
1795 2194 1963 2273 quae

163 2275 448 2354 tametfi
475 2280 725 2353 minus
753 2274 1009 2354 afferat
1047 2274 1319 2368 laudis,
1353 2283 1580 2385 quam
1611 2307 1775 2387 quae
1810 2283 1959 2360 ani-

161 2422 376 2470 mum
413 2390 1041 2500 perficiunt5quia
1060 2413 1314 2471 tamen
1353 2397 1434 2471 in
1453 2393 1959 2476 hominumil-

161 2506 232 2586 la
251 2508 514 2585 oculos
536 2512 863 2585 maxime
898 2512 1248 2599 incurrit,
1278 2513 1522 2615 prima
1542 2509 1692 2589 fere
1713 2511 1956 2592 lauda-

163 2627 227 2700 ri
261 2623 504 2731 vulgo*
524 2621 722 2701 solet.
806 2622 1043 2727 Hujus
1062 2630 1252 2701 verti
1277 2624 1697 2730 Disciplinae
1733 2627 1855 2706 illa
1888 2628 1955 2704 se

161 2738 398 2818 statim
423 2767 588 2846 pars
609 2736 829 2818 offert
846 2804 865 2830 ,
886 2769 1047 2818 non
1070 2739 1218 2846 quei
1244 2768 1515 2846 corpus
1555 2739 1952 2822 confirma-

161 2880 284 2932 tur
315 2855 407 2933 ad
426 2854 718 2933 labores
737 2922 757 2947 ,
778 2856 895 2934 led
916 2853 1008 2932 ad
1029 2856 1413 2963 quandam
1450 2859 1529 2933 in
1566 2857 1863 2965 agendo
1891 2890 1954 2937 e-

162 2971 561 3077 legantiam
602 2972 1143 3050 conformatur.
1202 2969 1383 3048 Haec
1416 2972 1629 3076 prior
1648 2974 1750 3051 est
1786 2972 1955 3052 alte-

162 3085 275 3171 1·a;
313 3090 512 3191 prius
561 3089 763 3165 enim
800 3153 820 3178 ,
869 3091 1096 3195 quam
1142 3085 1534 3164 subeundis
1568 3086 1951 3170 laboribus

160 3202 524 3281 idoneum
561 3203 646 3280 fit
677 3233 984 3311 corpm,
1023 3202 1183 3280 satis
1221 3202 1321 3279 est
1352 3200 1715 3282 idoneum
1752 3204 1976 3296 huic,-

161 3322 387 3427 quam
410 3319 582 3396 dico
605 3384 624 3408 ‚
668 3319 1048 3427 elegantiae
1086 3316 1641 3397 condiscendae.·
1688 3319 1813 3398 Est
1850 3352 1950 3399 er-

162 3463 266 3542 go
319 3433 659 3541 quaedam
715 3436 1054 3541 corporis
1093 3433 1540 3540 Disciplina,
1593 3462 1758 3542 quae
1792 3466 1952 3518 mo-

1131 3547 1181 3629 b
1842 3576 1956 3628 tus
