<?xml version="1.0" encoding="UTF-8"?>
<!DOCTYPE html PUBLIC "-//W3C//DTD XHTML 1.0 Transitional//EN"
    "http://www.w3.org/TR/xhtml1/DTD/xhtml1-transitional.dtd">
<html xmlns="http://www.w3.org/1999/xhtml" xml:lang="en" lang="en">
 <head>
  <title>
</title>
<meta http-equiv="Content-Type" content="text/html;charset=utf-8" />
  <meta name='ocr-system' content='tesseract 3.04.00' />
  <meta name='ocr-capabilities' content='ocr_page ocr_carea ocr_par ocr_line ocrx_word'/>
</head>
<body>
  <div class='ocr_page' id='page_1' title='image "./sivedeartesymbol00bosc_0025.png"; bbox 0 0 2451 3992; ppageno 0'>
   <div class='ocr_carea' id='block_1_1' title="bbox 603 355 1552 440">
    <p class='ocr_par' dir='ltr' id='par_1_1' title="bbox 603 355 1552 440">
     <span class='ocr_line' id='line_1_1' title="bbox 603 355 1552 440; baseline -0.015 -1"><span class='ocrx_word' id='word_1_1' title='bbox 603 355 1552 440; x_wconf 84' lang='lat' dir='ltr'>DEDICATORIA.</span> 
     </span>
    </p>
   </div>
   <div class='ocr_carea' id='block_1_2' title="bbox 166 448 1978 789">
    <p class='ocr_par' dir='ltr' id='par_1_2' title="bbox 166 448 1978 789">
     <span class='ocr_line' id='line_1_2' title="bbox 169 448 1975 557; baseline -0.003 -22"><span class='ocrx_word' id='word_1_2' title='bbox 169 451 503 534; x_wconf 84' lang='lat' dir='ltr'>efferenti</span> <span class='ocrx_word' id='word_1_3' title='bbox 538 453 604 532; x_wconf 90' lang='lat' dir='ltr'>se</span> <span class='ocrx_word' id='word_1_4' title='bbox 623 460 704 533; x_wconf 90' lang='lat' dir='ltr'>in</span> <span class='ocrx_word' id='word_1_5' title='bbox 733 453 970 532; x_wconf 90' lang='lat' dir='ltr'>altum</span> <span class='ocrx_word' id='word_1_6' title='bbox 1007 451 1301 557; x_wconf 83' lang='lat' dir='ltr'>Aquilae</span> <span class='ocrx_word' id='word_1_7' title='bbox 1334 448 1449 528; x_wconf 88' lang='lat' dir='ltr'>isti</span> <span class='ocrx_word' id='word_1_8' title='bbox 1485 451 1684 527; x_wconf 84' lang='lat' dir='ltr'>hanc</span> <span class='ocrx_word' id='word_1_9' title='bbox 1723 453 1975 554; x_wconf 75' lang='lat' dir='ltr'>potiu&#39;s</span> 
     </span>
     <span class='ocr_line' id='line_1_3' title="bbox 166 562 1976 676; baseline 0.001 -30"><span class='ocrx_word' id='word_1_10' title='bbox 166 573 657 676; x_wconf 80' lang='lat' dir='ltr'>Epigraphen</span> <span class='ocrx_word' id='word_1_11' title='bbox 694 569 1046 648; x_wconf 81' lang='lat' dir='ltr'><strong>adderem</strong></span> <span class='ocrx_word' id='word_1_12' title='bbox 1083 596 1099 644; x_wconf 74' lang='grc' dir='ltr'>ε</span> <span class='ocrx_word' id='word_1_13' title='bbox 1174 562 1704 651; x_wconf 86' lang='lat' dir='ltr'>PATRUM</span> <span class='ocrx_word' id='word_1_14' title='bbox 1738 563 1976 656; x_wconf 89' lang='lat' dir='ltr'>VIR-</span> 
     </span>
     <span class='ocr_line' id='line_1_4' title="bbox 168 675 1978 789; baseline -0.006 -21"><span class='ocrx_word' id='word_1_15' title='bbox 168 680 487 767; x_wconf 86' lang='lat' dir='ltr'>TUTE</span> <span class='ocrx_word' id='word_1_16' title='bbox 527 681 1033 789; x_wconf 85' lang='lat' dir='ltr'><strong>SUAQUE.</strong></span> <span class='ocrx_word' id='word_1_17' title='bbox 1160 679 1309 766; x_wconf 88' lang='lat' dir='ltr'>Sed</span> <span class='ocrx_word' id='word_1_18' title='bbox 1354 684 1558 758; x_wconf 86' lang='lat' dir='ltr'>enim</span> <span class='ocrx_word' id='word_1_19' title='bbox 1593 675 1978 783; x_wconf 85' lang='lat' dir='ltr'>piaculum</span> 
     </span>
    </p>
   </div>
   <div class='ocr_carea' id='block_1_3' title="bbox 150 794 1997 3667">
    <p class='ocr_par' dir='ltr' id='par_1_3' title="bbox 150 794 1993 2871">
     <span class='ocr_line' id='line_1_5' title="bbox 169 794 1979 904; baseline -0.003 -28"><span class='ocrx_word' id='word_1_20' title='bbox 169 795 366 876; x_wconf 85' lang='lat' dir='ltr'>foret</span> <span class='ocrx_word' id='word_1_21' title='bbox 392 857 412 887; x_wconf 76' lang='grc'>,</span> <span class='ocrx_word' id='word_1_22' title='bbox 446 801 529 877; x_wconf 91' lang='lat' dir='ltr'>in</span> <span class='ocrx_word' id='word_1_23' title='bbox 547 799 675 876; x_wconf 69' lang='lat' dir='ltr'>tuaA</span> <span class='ocrx_word' id='word_1_24' title='bbox 711 796 1127 904; x_wconf 83' lang='lat' dir='ltr'>quidquam</span> <span class='ocrx_word' id='word_1_25' title='bbox 1150 794 1637 902; x_wconf 89' lang='lat' dir='ltr'>Inscriptione</span> <span class='ocrx_word' id='word_1_26' title='bbox 1669 815 1979 871; x_wconf 90' lang='lat' dir='ltr'>mutare.</span> 
     </span>
     <span class='ocr_line' id='line_1_6' title="bbox 173 907 1978 1021; baseline -0.002 -30"><span class='ocrx_word' id='word_1_27' title='bbox 173 911 714 1021; x_wconf 88' lang='lat' dir='ltr'>Relinquamus</span> <span class='ocrx_word' id='word_1_28' title='bbox 745 909 1297 1018; x_wconf 86' lang='lat' dir='ltr'>proindeillam</span> <span class='ocrx_word' id='word_1_29' title='bbox 1333 970 1353 1001; x_wconf 76' lang='lat'><strong>,</strong></span> <span class='ocrx_word' id='word_1_30' title='bbox 1387 907 1628 988; x_wconf 84' lang='lat' dir='ltr'>veluti</span> <span class='ocrx_word' id='word_1_31' title='bbox 1665 932 1828 985; x_wconf 90' lang='lat' dir='ltr'>rem</span> <span class='ocrx_word' id='word_1_32' title='bbox 1856 909 1978 993; x_wconf 72' lang='lat' dir='ltr'>Sa-</span> 
     </span>
     <span class='ocr_line' id='line_1_7' title="bbox 173 1021 1979 1134; baseline -0.002 -29"><span class='ocrx_word' id='word_1_33' title='bbox 173 1055 376 1105; x_wconf 90' lang='lat' dir='ltr'>cram</span> <span class='ocrx_word' id='word_1_34' title='bbox 397 1089 417 1119; x_wconf 79' lang='grc'>,</span> <span class='ocrx_word' id='word_1_35' title='bbox 437 1028 733 1134; x_wconf 88' lang='lat' dir='ltr'>prorsus</span> <span class='ocrx_word' id='word_1_36' title='bbox 767 1029 1149 1115; x_wconf 59' lang='lat' dir='ltr'>intaciam,</span> <span class='ocrx_word' id='word_1_37' title='bbox 1171 1049 1253 1105; x_wconf 87' lang='lat' dir='ltr'>ut</span> <span class='ocrx_word' id='word_1_38' title='bbox 1275 1037 1346 1105; x_wconf 74' lang='grc' dir='ltr'>ὅ(</span> <span class='ocrx_word' id='word_1_39' title='bbox 1365 1048 1508 1104; x_wconf 84' lang='lat' dir='ltr'>tuae</span> <span class='ocrx_word' id='word_1_40' title='bbox 1525 1021 1700 1102; x_wconf 85' lang='lat' dir='ltr'>Tibi</span> <span class='ocrx_word' id='word_1_41' title='bbox 1722 1022 1979 1102; x_wconf 87' lang='lat' dir='ltr'>mode-</span> 
     </span>
     <span class='ocr_line' id='line_1_8' title="bbox 171 1136 1982 1248; baseline -0.002 -28"><span class='ocrx_word' id='word_1_42' title='bbox 171 1143 320 1220; x_wconf 80' lang='lat' dir='ltr'>stiae</span> <span class='ocrx_word' id='word_1_43' title='bbox 340 1142 493 1221; x_wconf 90' lang='lat' dir='ltr'>laus</span> <span class='ocrx_word' id='word_1_44' title='bbox 512 1197 534 1228; x_wconf 81' lang='lat'>,</span> <span class='ocrx_word' id='word_1_45' title='bbox 571 1154 640 1221; x_wconf 68' lang='grc' dir='ltr'>ὃ(</span> <span class='ocrx_word' id='word_1_46' title='bbox 661 1141 881 1221; x_wconf 89' lang='lat' dir='ltr'>nobis</span> <span class='ocrx_word' id='word_1_47' title='bbox 903 1147 1341 1221; x_wconf 77' lang='lat' dir='ltr'>reverentiae</span> <span class='ocrx_word' id='word_1_48' title='bbox 1357 1200 1378 1233; x_wconf 77' lang='lat'><strong>,</strong></span> <span class='ocrx_word' id='word_1_49' title='bbox 1415 1169 1647 1248; x_wconf 88' lang='lat' dir='ltr'>quam</span> <span class='ocrx_word' id='word_1_50' title='bbox 1668 1136 1841 1217; x_wconf 85' lang='lat' dir='ltr'>Tibi</span> <span class='ocrx_word' id='word_1_51' title='bbox 1863 1137 1982 1216; x_wconf 82' lang='lat' dir='ltr'>de-</span> 
     </span>
     <span class='ocr_line' id='line_1_9' title="bbox 172 1257 1984 1349; baseline -0.002 -14"><span class='ocrx_word' id='word_1_52' title='bbox 172 1258 456 1349; x_wconf 81' lang='lat' dir='ltr'>bemus,</span> <span class='ocrx_word' id='word_1_53' title='bbox 478 1263 670 1340; x_wconf 87' lang='lat' dir='ltr'>ratio</span> <span class='ocrx_word' id='word_1_54' title='bbox 693 1257 997 1342; x_wconf 79' lang='lat' dir='ltr'>constet.</span> <span class='ocrx_word' id='word_1_55' title='bbox 1077 1257 1309 1342; x_wconf 88' lang='lat' dir='ltr'>Nihil</span> <span class='ocrx_word' id='word_1_56' title='bbox 1331 1280 1583 1334; x_wconf 86' lang='lat' dir='ltr'>autem</span> <span class='ocrx_word' id='word_1_57' title='bbox 1603 1277 1984 1343; x_wconf 81' lang='lat' dir='ltr'>vetat,nos</span> 
     </span>
     <span class='ocr_line' id='line_1_10' title="bbox 172 1367 1986 1481; baseline -0.002 -31"><span class='ocrx_word' id='word_1_58' title='bbox 172 1377 274 1451; x_wconf 90' lang='lat' dir='ltr'>ita</span> <span class='ocrx_word' id='word_1_59' title='bbox 310 1404 468 1452; x_wconf 89' lang='lat' dir='ltr'>rem</span> <span class='ocrx_word' id='word_1_60' title='bbox 513 1377 989 1481; x_wconf 86' lang='lat' dir='ltr'>interpretari</span> <span class='ocrx_word' id='word_1_61' title='bbox 1025 1433 1046 1466; x_wconf 85' lang='grc'>-,</span> <span class='ocrx_word' id='word_1_62' title='bbox 1098 1394 1183 1451; x_wconf 91' lang='lat' dir='ltr'>ut</span> <span class='ocrx_word' id='word_1_63' title='bbox 1218 1396 1348 1450; x_wconf 90' lang='lat' dir='ltr'>tua</span> <span class='ocrx_word' id='word_1_64' title='bbox 1383 1371 1691 1479; x_wconf 89' lang='lat' dir='ltr'>quidem</span> <span class='ocrx_word' id='word_1_65' title='bbox 1730 1367 1986 1448; x_wconf 82' lang='lat' dir='ltr'>Virtus</span> 
     </span>
     <span class='ocr_line' id='line_1_11' title="bbox 177 1485 1988 1598; baseline -0.004 -31"><span class='ocrx_word' id='word_1_66' title='bbox 177 1493 505 1568; x_wconf 75' lang='lat' dir='ltr'>omnino</span> <span class='ocrx_word' id='word_1_67' title='bbox 523 1490 608 1568; x_wconf 89' lang='lat' dir='ltr'>fit</span> <span class='ocrx_word' id='word_1_68' title='bbox 630 1553 649 1580; x_wconf 83' lang='lat'><strong>,</strong></span> <span class='ocrx_word' id='word_1_69' title='bbox 672 1518 838 1598; x_wconf 85' lang='lat' dir='ltr'>quae</span> <span class='ocrx_word' id='word_1_70' title='bbox 872 1486 982 1567; x_wconf 88' lang='lat' dir='ltr'>Te</span> <span class='ocrx_word' id='word_1_71' title='bbox 1017 1491 1110 1569; x_wconf 88' lang='lat' dir='ltr'>ad</span> <span class='ocrx_word' id='word_1_72' title='bbox 1147 1491 1436 1567; x_wconf 89' lang='lat' dir='ltr'>summa</span> <span class='ocrx_word' id='word_1_73' title='bbox 1472 1485 1726 1565; x_wconf 85' lang='lat' dir='ltr'>evehit</span> <span class='ocrx_word' id='word_1_74' title='bbox 1774 1508 1793 1570; x_wconf 87' lang='lat'>;</span> <span class='ocrx_word' id='word_1_75' title='bbox 1861 1488 1988 1569; x_wconf 89' lang='lat' dir='ltr'>Pa-</span> 
     </span>
     <span class='ocr_line' id='line_1_12' title="bbox 175 1597 1984 1709; baseline -0.003 -27"><span class='ocrx_word' id='word_1_76' title='bbox 175 1628 379 1686; x_wconf 87' lang='lat' dir='ltr'>trum</span> <span class='ocrx_word' id='word_1_77' title='bbox 416 1630 666 1684; x_wconf 89' lang='lat' dir='ltr'>autem</span> <span class='ocrx_word' id='word_1_78' title='bbox 709 1634 793 1682; x_wconf 90' lang='lat' dir='ltr'>ea</span> <span class='ocrx_word' id='word_1_79' title='bbox 831 1602 968 1682; x_wconf 78' lang='lat' dir='ltr'>effe</span> <span class='ocrx_word' id='word_1_80' title='bbox 1012 1604 1265 1684; x_wconf 83' lang='lat' dir='ltr'>Virtus</span> <span class='ocrx_word' id='word_1_81' title='bbox 1302 1605 1628 1691; x_wconf 84' lang='lat' dir='ltr'>dicatur,-</span> <span class='ocrx_word' id='word_1_82' title='bbox 1667 1606 1843 1709; x_wconf 85' lang='lat' dir='ltr'>quia</span> <span class='ocrx_word' id='word_1_83' title='bbox 1864 1597 1984 1678; x_wconf 89' lang='lat' dir='ltr'>Tu</span> 
     </span>
     <span class='ocr_line' id='line_1_13' title="bbox 177 1716 1988 1824; baseline -0.003 -26"><span class='ocrx_word' id='word_1_84' title='bbox 177 1720 270 1799; x_wconf 93' lang='lat' dir='ltr'>ab</span> <span class='ocrx_word' id='word_1_85' title='bbox 290 1720 427 1799; x_wconf 89' lang='lat' dir='ltr'>illis</span> <span class='ocrx_word' id='word_1_86' title='bbox 463 1751 627 1800; x_wconf 89' lang='lat' dir='ltr'>eam</span> <span class='ocrx_word' id='word_1_87' title='bbox 650 1719 961 1800; x_wconf 81' lang='lat' dir='ltr'>hauslsti.</span> <span class='ocrx_word' id='word_1_88' title='bbox 1024 1720 1228 1800; x_wconf 84' lang='lat' dir='ltr'>Facit</span> <span class='ocrx_word' id='word_1_89' title='bbox 1246 1716 1400 1798; x_wconf 91' lang='lat' dir='ltr'>hoc</span> <span class='ocrx_word' id='word_1_90' title='bbox 1432 1740 1709 1824; x_wconf 83' lang='lat' dir='ltr'><strong>nempe</strong></span> <span class='ocrx_word' id='word_1_91' title='bbox 1733 1719 1988 1801; x_wconf 39' lang='lat' dir='ltr'>Genea</span> 
     </span>
     <span class='ocr_line' id='line_1_14' title="bbox 175 1832 1984 1944; baseline -0.001 -31"><span class='ocrx_word' id='word_1_92' title='bbox 175 1839 269 1913; x_wconf 91' lang='lat' dir='ltr'>ris</span> <span class='ocrx_word' id='word_1_93' title='bbox 290 1841 395 1914; x_wconf 90' lang='lat' dir='ltr'>tui</span> <span class='ocrx_word' id='word_1_94' title='bbox 419 1838 876 1944; x_wconf 65' lang='lat' dir='ltr'>praestantia,</span> <span class='ocrx_word' id='word_1_95' title='bbox 912 1861 995 1914; x_wconf 90' lang='lat' dir='ltr'>ut</span> <span class='ocrx_word' id='word_1_96' title='bbox 1020 1839 1370 1944; x_wconf 83' lang='lat' dir='ltr'>quamvis</span> <span class='ocrx_word' id='word_1_97' title='bbox 1409 1835 1555 1941; x_wconf 88' lang='lat' dir='ltr'>ipse</span> <span class='ocrx_word' id='word_1_98' title='bbox 1591 1832 1797 1911; x_wconf 67' lang='lat' dir='ltr'>nulla</span> <span class='ocrx_word' id='word_1_99' title='bbox 1819 1861 1984 1911; x_wconf 90' lang='lat' dir='ltr'>non</span> 
     </span>
     <span class='ocr_line' id='line_1_15' title="bbox 150 1949 1988 2062; baseline -0.002 -33"><span class='ocrx_word' id='word_1_100' title='bbox 150 1955 457 2046; x_wconf 72' lang='lat' dir='ltr'>⁴virtute</span> <span class='ocrx_word' id='word_1_101' title='bbox 483 1951 568 2032; x_wconf 90' lang='lat' dir='ltr'>fis</span> <span class='ocrx_word' id='word_1_102' title='bbox 589 1949 1250 2062; x_wconf 79' lang='lat' dir='ltr'>praedituS,nullam</span> <span class='ocrx_word' id='word_1_103' title='bbox 1272 1949 1634 2059; x_wconf 85' lang='lat' dir='ltr'>poffimus</span> <span class='ocrx_word' id='word_1_104' title='bbox 1657 1952 1758 2027; x_wconf 84' lang='lat' dir='ltr'>ita</span> <span class='ocrx_word' id='word_1_105' title='bbox 1777 1968 1988 2026; x_wconf 86' lang='lat' dir='ltr'>tuam</span> 
     </span>
     <span class='ocr_line' id='line_1_16' title="bbox 179 2059 1987 2173; baseline -0.004 -27"><span class='ocrx_word' id='word_1_106' title='bbox 179 2066 456 2160; x_wconf 85' lang='lat' dir='ltr'>dicere,</span> <span class='ocrx_word' id='word_1_107' title='bbox 476 2094 560 2149; x_wconf 89' lang='lat' dir='ltr'>ut</span> <span class='ocrx_word' id='word_1_108' title='bbox 580 2099 663 2148; x_wconf 89' lang='lat' dir='ltr'>ea</span> <span class='ocrx_word' id='word_1_109' title='bbox 683 2067 854 2148; x_wconf 87' lang='lat' dir='ltr'>Tibi</span> <span class='ocrx_word' id='word_1_110' title='bbox 876 2098 1039 2146; x_wconf 86' lang='lat' dir='ltr'>non</span> <span class='ocrx_word' id='word_1_111' title='bbox 1061 2068 1145 2146; x_wconf 89' lang='lat' dir='ltr'>fit</span> <span class='ocrx_word' id='word_1_112' title='bbox 1165 2097 1340 2147; x_wconf 91' lang='lat' dir='ltr'>cum</span> <span class='ocrx_word' id='word_1_113' title='bbox 1366 2059 1987 2173; x_wconf 73' lang='lat' dir='ltr'>progenitoribus</span> 
     </span>
     <span class='ocr_line' id='line_1_17' title="bbox 173 2177 1988 2290; baseline -0.004 -29"><span class='ocrx_word' id='word_1_114' title='bbox 173 2188 314 2262; x_wconf 85' lang='lat' dir='ltr'>tuis</span> <span class='ocrx_word' id='word_1_115' title='bbox 336 2189 783 2265; x_wconf 86' lang='lat' dir='ltr'>communis.</span> <span class='ocrx_word' id='word_1_116' title='bbox 806 2183 970 2262; x_wconf 91' lang='lat' dir='ltr'>Nec</span> <span class='ocrx_word' id='word_1_117' title='bbox 991 2183 1162 2261; x_wconf 74' lang='lat' dir='ltr'>ideo</span> <span class='ocrx_word' id='word_1_118' title='bbox 1182 2206 1326 2261; x_wconf 80' lang='lat' dir='ltr'>tuae</span> <span class='ocrx_word' id='word_1_119' title='bbox 1346 2182 1760 2290; x_wconf 85' lang='lat' dir='ltr'>quidquam</span> <span class='ocrx_word' id='word_1_120' title='bbox 1783 2177 1988 2255; x_wconf 53' lang='lat' dir='ltr'>deca</span> 
     </span>
     <span class='ocr_line' id='line_1_18' title="bbox 183 2292 1986 2409; baseline -0.002 -33"><span class='ocrx_word' id='word_1_121' title='bbox 183 2297 289 2376; x_wconf 89' lang='lat' dir='ltr'>dit</span> <span class='ocrx_word' id='word_1_122' title='bbox 306 2300 607 2409; x_wconf 64' lang='lat' dir='ltr'>gloriae:</span> <span class='ocrx_word' id='word_1_123' title='bbox 646 2306 832 2409; x_wconf 88' lang='lat' dir='ltr'>quin</span> <span class='ocrx_word' id='word_1_124' title='bbox 864 2304 1108 2403; x_wconf 81' lang='lat' dir='ltr'>major</span> <span class='ocrx_word' id='word_1_125' title='bbox 1141 2299 1299 2376; x_wconf 84' lang='lat' dir='ltr'>haec</span> <span class='ocrx_word' id='word_1_126' title='bbox 1327 2296 1571 2404; x_wconf 80' lang='lat' dir='ltr'>gloria</span> <span class='ocrx_word' id='word_1_127' title='bbox 1593 2294 1694 2372; x_wconf 91' lang='lat' dir='ltr'>est</span> <span class='ocrx_word' id='word_1_128' title='bbox 1713 2356 1732 2383; x_wconf 77' lang='lat'>,</span> <span class='ocrx_word' id='word_1_129' title='bbox 1753 2292 1986 2401; x_wconf 78' lang='lat' dir='ltr'>quod,-</span> 
     </span>
     <span class='ocr_line' id='line_1_19' title="bbox 182 2410 1990 2525; baseline -0.003 -32"><span class='ocrx_word' id='word_1_130' title='bbox 182 2444 726 2525; x_wconf 88' lang='lat' dir='ltr'>quamcunquc</span> <span class='ocrx_word' id='word_1_131' title='bbox 744 2423 825 2495; x_wconf 90' lang='lat' dir='ltr'>in</span> <span class='ocrx_word' id='word_1_132' title='bbox 844 2413 953 2493; x_wconf 92' lang='lat' dir='ltr'>Te</span> <span class='ocrx_word' id='word_1_133' title='bbox 974 2413 1353 2492; x_wconf 84' lang='lat' dir='ltr'>Virtutem</span> <span class='ocrx_word' id='word_1_134' title='bbox 1376 2410 1990 2517; x_wconf 76' lang='lat' dir='ltr'>suspicimuS,non</span> 
     </span>
     <span class='ocr_line' id='line_1_20' title="bbox 180 2519 1988 2641; baseline -0.005 -33"><span class='ocrx_word' id='word_1_135' title='bbox 180 2560 263 2609; x_wconf 88' lang='lat' dir='ltr'>ea</span> <span class='ocrx_word' id='word_1_136' title='bbox 282 2529 454 2611; x_wconf 90' lang='lat' dir='ltr'>Tibi</span> <span class='ocrx_word' id='word_1_137' title='bbox 473 2530 1228 2641; x_wconf 84' lang='lat' dir='ltr'>peculiaris,adeo&#39;que</span> <span class='ocrx_word' id='word_1_138' title='bbox 1249 2556 1461 2607; x_wconf 86' lang='lat' dir='ltr'>nova</span> <span class='ocrx_word' id='word_1_139' title='bbox 1478 2590 1498 2616; x_wconf 86' lang='grc'>,</span> <span class='ocrx_word' id='word_1_140' title='bbox 1517 2536 1587 2604; x_wconf 77' lang='grc' dir='ltr'>ὃζ</span> <span class='ocrx_word' id='word_1_141' title='bbox 1607 2550 1860 2602; x_wconf 86' lang='lat' dir='ltr'>recens</span> <span class='ocrx_word' id='word_1_142' title='bbox 1882 2519 1988 2613; x_wconf 79' lang='lat' dir='ltr'>fit,</span> 
     </span>
     <span class='ocr_line' id='line_1_21' title="bbox 183 2640 1993 2753; baseline -0.004 -31"><span class='ocrx_word' id='word_1_143' title='bbox 183 2647 299 2724; x_wconf 91' lang='lat' dir='ltr'>sed</span> <span class='ocrx_word' id='word_1_144' title='bbox 335 2653 842 2728; x_wconf 87' lang='lat' dir='ltr'>inveteratum</span> <span class='ocrx_word' id='word_1_145' title='bbox 865 2710 886 2739; x_wconf 85' lang='grc'>,</span> <span class='ocrx_word' id='word_1_146' title='bbox 922 2675 1008 2725; x_wconf 88' lang='lat' dir='ltr'>ac</span> <span class='ocrx_word' id='word_1_147' title='bbox 1040 2673 1373 2753; x_wconf 87' lang='lat' dir='ltr'>perenne</span> <span class='ocrx_word' id='word_1_148' title='bbox 1411 2707 1427 2731; x_wconf 89' lang='lat'><strong>,</strong></span> <span class='ocrx_word' id='word_1_149' title='bbox 1466 2640 1993 2719; x_wconf 80' lang='lat' dir='ltr'>contestatum-</span> 
     </span>
     <span class='ocr_line' id='line_1_22' title="bbox 191 2758 1438 2871; baseline -0.003 -31"><span class='ocrx_word' id='word_1_150' title='bbox 191 2791 336 2869; x_wconf 89' lang='lat' dir='ltr'>que</span> <span class='ocrx_word' id='word_1_151' title='bbox 372 2764 587 2871; x_wconf 88' lang='lat' dir='ltr'>ipfius</span> <span class='ocrx_word' id='word_1_152' title='bbox 626 2769 736 2842; x_wconf 90' lang='lat' dir='ltr'>tui</span> <span class='ocrx_word' id='word_1_153' title='bbox 782 2761 1099 2841; x_wconf 88' lang='lat' dir='ltr'>Generis</span> <span class='ocrx_word' id='word_1_154' title='bbox 1121 2758 1438 2839; x_wconf 90' lang='lat' dir='ltr'>bonum.</span> 
     </span>
    </p>

    <p class='ocr_par' dir='ltr' id='par_1_4' title="bbox 187 2870 1996 3568">
     <span class='ocr_line' id='line_1_23' title="bbox 294 2870 1995 2985; baseline -0.009 -26"><span class='ocrx_word' id='word_1_155' title='bbox 294 2880 555 2978; x_wconf 76' lang='lat' dir='ltr'>Quam</span> <span class='ocrx_word' id='word_1_156' title='bbox 594 2885 784 2960; x_wconf 72' lang='lat' dir='ltr'>Vero</span> <span class='ocrx_word' id='word_1_157' title='bbox 822 2876 1207 2985; x_wconf 84' lang='lat' dir='ltr'>copiosam</span> <span class='ocrx_word' id='word_1_158' title='bbox 1241 2873 1362 2954; x_wconf 91' lang='lat' dir='ltr'>Tu</span> <span class='ocrx_word' id='word_1_159' title='bbox 1417 2872 1633 2953; x_wconf 85' lang='lat' dir='ltr'>brevi</span> <span class='ocrx_word' id='word_1_160' title='bbox 1667 2932 1688 2963; x_wconf 74' lang='grc'>,</span> <span class='ocrx_word' id='word_1_161' title='bbox 1740 2870 1995 2976; x_wconf 79' lang='lat' dir='ltr'>qua&#39;m·</span> 
     </span>
     <span class='ocr_line' id='line_1_24' title="bbox 187 2988 1994 3102; baseline -0.006 -30"><span class='ocrx_word' id='word_1_162' title='bbox 187 3024 333 3102; x_wconf 89' lang='lat' dir='ltr'>que</span> <span class='ocrx_word' id='word_1_163' title='bbox 370 2995 870 3085; x_wconf 79' lang='lat' dir='ltr'>luculentam,</span> <span class='ocrx_word' id='word_1_164' title='bbox 899 2993 1029 3073; x_wconf 90' lang='lat' dir='ltr'>ubi</span> <span class='ocrx_word' id='word_1_165' title='bbox 1050 2996 1190 3071; x_wconf 89' lang='lat' dir='ltr'>tuis</span> <span class='ocrx_word' id='word_1_166' title='bbox 1226 2992 1375 3096; x_wconf 88' lang='lat' dir='ltr'>ipse</span> <span class='ocrx_word' id='word_1_167' title='bbox 1415 2988 1741 3094; x_wconf 86' lang='lat' dir='ltr'>auspicijs</span> <span class='ocrx_word' id='word_1_168' title='bbox 1777 3047 1797 3074; x_wconf 87' lang='lat'>‚</span> <span class='ocrx_word' id='word_1_169' title='bbox 1832 2990 1994 3062; x_wconf 76' lang='lat' dir='ltr'>tuo‘·</span> 
     </span>
     <span class='ocr_line' id='line_1_25' title="bbox 189 3102 1993 3219; baseline -0.004 -32"><span class='ocrx_word' id='word_1_170' title='bbox 189 3140 336 3218; x_wconf 91' lang='lat' dir='ltr'>que</span> <span class='ocrx_word' id='word_1_171' title='bbox 373 3112 615 3190; x_wconf 88' lang='lat' dir='ltr'>Marte</span> <span class='ocrx_word' id='word_1_172' title='bbox 637 3114 954 3219; x_wconf 86' lang='lat' dir='ltr'>coeperis</span> <span class='ocrx_word' id='word_1_173' title='bbox 975 3136 1230 3218; x_wconf 77' lang='lat' dir='ltr'>agere,</span> <span class='ocrx_word' id='word_1_174' title='bbox 1259 3102 1567 3185; x_wconf 89' lang='lat' dir='ltr'>laudum</span> <span class='ocrx_word' id='word_1_175' title='bbox 1602 3104 1993 3181; x_wconf 88' lang='lat' dir='ltr'>materiem</span> 
     </span>
     <span class='ocr_line' id='line_1_26' title="bbox 191 3219 1996 3336; baseline -0.004 -34"><span class='ocrx_word' id='word_1_176' title='bbox 191 3225 551 3332; x_wconf 80' lang='lat' dir='ltr'>praebebis</span> <span class='ocrx_word' id='word_1_177' title='bbox 570 3292 589 3318; x_wconf 84' lang='lat'><strong>,</strong></span> <span class='ocrx_word' id='word_1_178' title='bbox 609 3234 688 3306; x_wconf 89' lang='lat' dir='ltr'>in</span> <span class='ocrx_word' id='word_1_179' title='bbox 710 3228 856 3336; x_wconf 70' lang='lat' dir='ltr'>qua</span> <span class='ocrx_word' id='word_1_180' title='bbox 878 3222 1313 3304; x_wconf 69' lang='lat' dir='ltr'>exornanda</span> <span class='ocrx_word' id='word_1_181' title='bbox 1333 3251 1496 3301; x_wconf 89' lang='lat' dir='ltr'>non</span> <span class='ocrx_word' id='word_1_182' title='bbox 1518 3219 1757 3297; x_wconf 76' lang='lat' dir='ltr'>modo</span> <span class='ocrx_word' id='word_1_183' title='bbox 1782 3219 1996 3322; x_wconf 89' lang='lat' dir='ltr'>Sym-</span> 
     </span>
     <span class='ocr_line' id='line_1_27' title="bbox 196 3330 1996 3451; baseline -0.007 -32"><span class='ocrx_word' id='word_1_184' title='bbox 196 3341 655 3451; x_wconf 79' lang='lat' dir='ltr'>bolographi</span> <span class='ocrx_word' id='word_1_185' title='bbox 679 3408 698 3434; x_wconf 86' lang='lat'>,</span> <span class='ocrx_word' id='word_1_186' title='bbox 747 3343 863 3422; x_wconf 89' lang='lat' dir='ltr'>sed</span> <span class='ocrx_word' id='word_1_187' title='bbox 882 3338 1305 3432; x_wconf 79' lang='lat' dir='ltr'>Poe‘tae‚sed</span> <span class='ocrx_word' id='word_1_188' title='bbox 1335 3339 1710 3424; x_wconf 87' lang='lat' dir='ltr'>Oratores</span> <span class='ocrx_word' id='word_1_189' title='bbox 1747 3330 1996 3410; x_wconf 88' lang='lat' dir='ltr'>elabo-</span> 
     </span>
     <span class='ocr_line' id='line_1_28' title="bbox 190 3449 1996 3568; baseline -0.007 -35"><span class='ocrx_word' id='word_1_190' title='bbox 190 3482 372 3535; x_wconf 87' lang='lat' dir='ltr'>rent.</span> <span class='ocrx_word' id='word_1_191' title='bbox 484 3462 597 3539; x_wconf 88' lang='lat' dir='ltr'>Ac</span> <span class='ocrx_word' id='word_1_192' title='bbox 636 3489 780 3568; x_wconf 82' lang='lat' dir='ltr'>ego</span> <span class='ocrx_word' id='word_1_193' title='bbox 821 3457 1130 3568; x_wconf 90' lang='lat' dir='ltr'>quidem</span> <span class='ocrx_word' id='word_1_194' title='bbox 1167 3455 1341 3534; x_wconf 91' lang='lat' dir='ltr'>istos</span> <span class='ocrx_word' id='word_1_195' title='bbox 1378 3451 1571 3533; x_wconf 88' lang='lat' dir='ltr'>bene</span> <span class='ocrx_word' id='word_1_196' title='bbox 1607 3449 1996 3529; x_wconf 57' lang='lat' dir='ltr'>funciuros</span> 
     </span>
    </p>

    <p class='ocr_par' dir='ltr' id='par_1_5' title="bbox 1043 3588 1997 3667">
     <span class='ocr_line' id='line_1_29' title="bbox 1043 3588 1997 3667; baseline -0.004 -27"><span class='ocrx_word' id='word_1_197' title='bbox 1043 3600 1084 3649; x_wconf 83' lang='lat' dir='ltr'>c</span> <span class='ocrx_word' id='word_1_198' title='bbox 1131 3599 1163 3657; x_wconf 83' lang='lat'><em>3</em></span> <span class='ocrx_word' id='word_1_199' title='bbox 1836 3588 1997 3667; x_wconf 85' lang='lat' dir='ltr'>par-</span> 
     </span>
    </p>
   </div>
  </div>
 </body>
</html>
