2385 3987
497 493 558 539 48
611 505 623 516 ι
1035 475 1321 522 SERMO
1388 476 1476 519 VJ.

499 567 588 615 Illis
613 584 710 630 ergo
733 564 882 630 duplex
905 562 1077 609 debetur
1104 579 1292 626 campus,
1317 563 1513 624 utrinque
1540 575 1581 607 at

501 642 654 699 Cas-rpus
680 633 809 689 idem,
836 632 918 687 seu,
938 647 1032 695 quae
1053 630 1176 675 nobis
1202 630 1258 675 est
1279 628 1403 686 dic'ta,
1435 630 1621 694 Figura:

501 703 632 749 Mens
655 703 756 747 alia:
793 706 837 744 &
859 699 1032 754 melior,
1062 697 1091 743 si
1113 696 1248 743 secum
1273 694 1496 742 Lemmata
1521 710 1724 762 pugnent,

503 770 614 816 Non
638 767 773 815 solum
795 765 967 822 diversa,
992 763 1060 812 sed
1083 770 1127 808 δέ
1150 766 1354 810 contraria
1383 762 1557 827 prorsus.

502 836 607 883 Hoc
632 835 790 899 Regno
816 833 894 881 sese
916 836 1176 898 AEquivoca,
1203 831 1530 896 Antithcstsqne
1551 830 1757 889 locarunt,

506 904 715 950 Invidiam
739 917 848 948 extra
872 918 1049 947 omnem
1075 898 1235 964 pofitae,
1261 898 1440 963 solaeque
1468 899 1742 964 triumphant.

503 971 640 1027 Nam,
670 969 698 1016 s1
721 971 796 1016 alia
821 968 1028 1015 interdum
1053 969 1229 1013 veniunt
1254 965 1305 1011 ad
1328 965 1550 1032 Symbola,
1579 983 1727 1013 eorum

504 1037 710 1103 Hospitio
738 1050 912 1083 utuntur
939 1034 1161 1080 duntaxat:
1198 1031 1348 1079 verum
1372 1033 1560 1080 habitant
1581 1033 1672 1090 hac,

502 1108 604 1168 Qa
627 1122 701 1152 nec
723 1103 852 1150 abesse
879 1117 1039 1168 queunt
1061 1100 1343 1165 Antistropha
1362 1100 1591 1168 Symbola,
1616 1098 1721 1148 sede.

502 1315 728 1421 ARdua
750 1333 827 1373 res,
856 1315 1008 1379 inquis,
1035 1312 1102 1359 sed
1135 1312 1186 1359 eo
1211 1309 1430 1359 laudatior.
1496 1311 1624 1359 Unus

599 1384 748 1432 Gallus
768 1382 949 1438 Homo,
968 1377 1134 1428 effinxit
1161 1378 1446 1426 Montmorus
1470 1379 1585 1444 plura
1603 1376 1806 1437 ducentis,
1828 1387 1911 1435 (xx)

500 1450 668 1499 Prorsus
694 1452 746 1499 ad
768 1453 875 1499 hanc
898 1449 1099 1505 formam,
1126 1452 1168 1491 ὅ(
1189 1445 1463 1512 praescriptam
1487 1444 1694 1513 Symbola
1715 1442 1915 1513 Legem-2.

499 1517 644 1566 Solem
667 1522 790 1585 igitur
814 1518 942 1581 Regi,
963 1516 1090 1563 solito
1114 1514 1165 1561 de
1188 1531 1323 1571 more,
1346 1513 1543 1573 dicando,

495 1585 751 1634 Prudentem
777 1588 925 1651 pariter
950 1582 1186 1630 Lodoicum
1201 1617 1215 1640 ,
1246 1580 1580 1647 munificumque
1602 1577 1680 1626 hfic

492 1653 755 1719 Expressurus
778 1654 980 1718 imagine,
1009 1653 1094 1697 ait:
1129 1658 1289 1696 VIDET
1315 1657 1491 1696 OMNIA
1517 1655 1711 1696 PRIMUS.

492 1722 641 1768 Altera
669 1737 761 1769 tum
786 1722 905 1768 facies
927 1718 1146 1783 inscripta:
1183 1725 1460 1784 VIDETQVE,
1491 1723 1779 1783 FovETQVE.

491 1787 610 1836 Idem
636 1804 683 1837 ut
712 1789 911 1837 terrestres
933 1787 1058 1833 trahit
1081 1787 1125 1831 in
1152 1780 1326 1828 sublime
1351 1798 1543 1847 vapores,

490 1855 546 1903 Et
567 1858 710 1905 velum
734 1857 830 1904 inde
856 1854 951 1901 fibi:
989 1858 1268 1904 coLLEcT1s
1295 1859 1511 1898 DEFICIT.
1579 1846 1698 1896 Idem
1719 1850 1765 1892 δε

486 1933 752 1973 sPLtNDET
777 1935 842 1972 AB
869 1929 1071 1972 Effusis.
1140 1916 1202 1963 Ita
1220 1915 1436 1979 vectigalia
1459 1916 1575 1978 cogit

486 1988 628 2051 AEgro
649 1993 809 2047 animo,
829 2003 872 2035 at
893 1989 991 2035 laeto
1011 1990 1054 2033 in
1075 1985 1263 2051 pluviam
1289 1987 1334 2027 δε
1357 1982 1571 2029 benefasta
1593 1980 1776 2028 resolvit.

484 2054 603 2103 Huic
619 2061 855 2120 geminum,
877 2056 1118 2118 dictumque
1137 2050 1277 2115 supra:
1318 2060 1496 2099 PATET
1521 2058 1749 2098 OMNIBUS
1776 2057 1922 2098 UNUS.

484 2133 574 2170 uixit
595 2134 812 2171 cuNcTA
825 2133 1051 2171 PATENT.
1062 2119 1252 2167 Geminfi
1264 2118 1346 2164 hoc
1358 2132 1514 2181 qu0q3:
1532 2125 1762 2184 QVANTA
1778 2121 2005 2168 ΡΛΤΕΝΤι
2013 2130 2076 2172 sed

483 2198 650 2237 PLURA
677 2197 906 2236 LATENT.
974 2185 1132 2253 Neque
1153 2201 1198 2233 tu
1220 2189 1306 2250 jam
1328 2184 1448 2249 plura
1470 2181 1672 2246 Exempla
1692 2180 1864 2246 require.

994 2309 1234 2375 XVII.

593 2405 684 2452 Uin
709 2404 840 2468 magis
862 2403 945 2450 hoc
969 2405 1070 2469 agis,
1087 2409 1133 2449 δε
1153 2409 1242 2450 tota
1260 2398 1479 2449 contendis
1497 2416 1632 2465 opum
1666 2403 1727 2462 vi,

478 2410 658 2536 QUt
679 2486 750 2519 tua
772 2470 971 2536 praecipue
992 2470 1191 2518 Mirabile
1212 2469 1421 2535 Symbola
1443 2465 1634 2527 adornet,

475 2541 588 2600 Qlo
610 2539 695 2586 sine
721 2556 794 2585 nec
813 2537 988 2603 perfc&a
1010 2553 1154 2604 putes,
1174 2554 1249 2584 nec
1270 2536 1396 2601 digna
1413 2534 1624 2594 Theatro,

473 2608 542 2655 Ni
565 2607 778 2654 Novitate
800 2606 1059 2670 supercilium
1083 2605 1301 2671 spectantis
1323 2609 1366 2651 in
1388 2620 1530 2649 arcum

473 2677 684 2731 curvent,
710 2676 1024 2737 attonitumque
1046 2673 1137 2719 solo
1163 2671 1405 2720 Admiratio
1429 2668 1556 2734 figat3

469 2743 583 2791 Non
604 2739 931 2788 animadversam
960 2739 1016 2786 ob
1039 2739 1216 2786 Naturae
1238 2739 1584 2803 proprietatem,

470 2809 520 2858 Iu
550 2828 590 2856 re
615 2807 804 2856 Senslbus
829 2805 1033 2872 expositz'i,
1069 2813 1113 2852 &
1135 2805 1361 2855 tristissima
1382 2805 1433 2851 ab
1463 2804 1549 2851 usu.

467 2876 608 2926 Dulce
628 2877 784 2924 etenim
805 2872 1026 2933 Mirabile,
1055 2874 1174 2922 dulce
1192 2876 1372 2922 Scieutia
1395 2873 1557 2920 lucrum
1581 2871 1650 2920 est.
1667 2881 1747 2929 (yy)

971 2997 1248 3065 XVIII.

464 3098 727 3199 PLiirima
747 3095 854 3153 sunt,
873 3114 1053 3161 quorum
1067 3095 1311 3143 Translatio
1330 3098 1373 3142 in
1396 3108 1560 3158 aequore
1573 3091 1742 3141 summo

555 3166 735 3221 innatat,
753 3179 800 3210 ut
821 3164 926 3210 facili
949 3164 1068 3210 detur
1089 3161 1386 3226 comprendere
1411 3159 1561 3208 dextra.

461 3234 622 3280 Verum
648 3234 721 3279 alia
744 3234 786 3277 in
808 3231 941 3277 fundo
970 3230 1206 3276 subsidunt:
1242 3243 1289 3274 ut
1318 3227 1495 3294 preciosa

459 3301 658 3366 Qiaeque
678 3300 835 3356 solent,
862 3299 1121 3363 poscuntque
1146 3297 1320 3343 oculum
1341 3297 1540 3342 urinantis
1559 3307 1743 3343 acutum.

441 3432 536 3477 (xx)
557 3431 601 3469 Id
615 3430 709 3484 quod
724 3430 769 3468 de
788 3436 833 3467 D.
855 3435 1036 3467 Montmor
1049 3429 1220 3482 praelicat
1242 3431 1325 3469 P.le
1335 3435 1458 3481 Moyne
1475 3429 1533 3469 lib.
1545 3446 1574 3468 2.
1595 3429 1739 3468 deArte
1751 3445 1839 3469 c.10.
1862 3379 1894 3411 ις

452 3490 718 3539 (μ’μ’)ύ-ζβοηί
739 3502 764 3526 ι.
777 3487 908 3525 Rhetor
929 3503 955 3524 c.
968 3501 1013 3525 11.
1035 3487 1184 3526 Discere
1198 3502 1348 3539 quoque
1366 3493 1405 3527 &
1424 3489 1603 3528 admirari
1619 3490 1824 3542 jucundum
1843 3501 1884 3528 ut

448 3548 653 3597 plurimum
672 3547 732 3583 est.
790 3547 832 3584 In
850 3547 1075 3585 admirando
1099 3547 1202 3584 enim
1227 3547 1396 3586 discendi
1423 3548 1610 3598 cupiditas
1630 3545 1740 3586 inest:
1768 3559 1885 3598 quare

442 3605 674 3643 Admirabile
690 3602 928 3643 desiderabile
944 3601 1003 3642 est.
