2451 3992
427 423 654 477 Figuratum
677 417 802 460 Index
817 447 826 462 ,
841 418 908 470 qui
923 416 1126 455 Lemmata
1136 412 1276 467 pariter
1296 411 1430 449 omnia
1439 404 1551 447 rebus
1565 406 1799 456 ej'uscemodi
1813 437 1824 455 ,
1836 421 1879 447 ac
1891 407 2040 462 Figuris
2052 413 2212 447 accom.‘

428 480 587 520 modata
598 487 637 519 in
652 477 902 529 conspesturn
917 474 1045 515 daret,
1059 469 1176 524 teque
1190 469 1239 509 ad
1254 465 1535 521 inspiciendam
1549 465 1788 517 singulorum
1808 480 1984 506 mentem
2006 493 2017 510 ‚
2033 464 2081 505 ad
2096 473 2218 513 majo-

429 553 512 578 rem
529 536 843 592 praecipuumque
858 530 1045 571 Class'ium
1058 528 1235 568 Iudicem
1248 525 1482 570 deduceret,
1498 523 1772 577 plurainsuper
1784 523 1930 565 ‚eidem
1944 525 2091 578 Figurae
2104 553 2113 569 ‚
2130 538 2220 576 pso,

431 595 634 651 positoque
650 593 790 632 tributa
806 594 1008 630 Lemmata
1022 585 1168 626 ibidem
1192 596 1451 636 reperturum.
1512 583 1598 621 Nec
1611 585 1718 620 enim
1736 580 1913 626 ‚ubierat
1927 581 2032 622 idem
2046 581 2224 636 unusque

436 654 612 707 Symboli
633 652 757 691 sensus
771 680 780 696 ‚
805 655 844 689 &
860 661 972 686 meus
987 677 996 693 ,
1012 645 1066 684 bis
1084 642 1186 683 istud
1202 670 1212 684 ‚
1230 641 1440 680 verborum
1460 638 1613 678 tantum
1635 653 1679 678 ac
1704 640 1952 678 Lemmatum
1979 638 2224 680 diversorum

439 717 481 751 in
495 715 656 766 gratiam
668 713 878 761 expingere
895 718 1020 757 operae
1043 703 1212 755 pret'ium
1229 699 1336 738 duxi.
1400 701 1452 738 At
1475 711 1606 751 neque
1630 697 1780 750 prorsus
1802 701 2050 750 expinximus
2071 703 2226 744 omnia,

439 771 794 822 quantumcunque
818 763 952 803 selesia
968 769 1008 802 &
1022 758 1250 799 emendata:
1268 755 1410 810 spiffius
1430 760 1536 795 enim
1552 756 1741 795 volumen
1755 781 1765 795 ‚
1791 768 1835 792 ac
1859 754 2116 808 sumptuosius
2146 770 2228 797 erat

438 829 617 868 fututum
633 823 823 877 3ideoque
838 836 918 860 non
933 817 1059 859 multo
1074 820 1253 871 pauciora
1272 815 1375 870 leges
1387 841 1397 859 ,
1411 812 1530 867 quam
1544 816 1585 851 in
1596 814 1660 852 AEs
1680 811 1860 866 spe&abis
1874 812 2005 852 incisa.
2064 814 2168 855 Scire
2192 828 2232 855 te

443 898 624 939 praeterea
647 884 768 921 velim
784 912 793 927 ‚
814 882 982 919 relatam
1004 879 1160 929 proprio
1184 875 1401 913 Auctorum
1417 871 1524 911 sensu
1540 900 1550 917 ,
1577 867 1791 923 ijsdemque
1814 883 1906 909 cum
1931 872 2196 913 Lemmatibus
2210 872 2232 913 εὶ

442 958 507 982 me
521 940 702 995 Symbola
719 937 840 985 fuisse,
851 951 923 977 nec
939 933 986 974 ad
1000 935 1121 973 alium
1136 931 1337 977 finem‚aut
1350 942 1628 984 argumentum
1644 930 1705 967 vel
1724 927 1946 975 inflexa‚vel
1961 927 2134 970 detorta:
2158 934 2235 970 uti-

446 1015 524 1053 que
538 999 629 1039 cum
643 1026 652 1041 ,
669 997 693 1036 fi
709 996 929 1037 collibitum
944 991 1034 1031 css'et
1050 1021 1060 1037 ,
1080 1004 1148 1029 tuo
1161 990 1290 1028 Marte
1306 1020 1316 1036 ‚
1340 986 1589 1039 minimoque
1611 990 1771 1040 negotio
1794 983 1835 1024 id
1859 985 1984 1025 facere
2009 988 2086 1039 ipse
2102 989 2234 1041 postes,

445 1060 541 1098 Haec
550 1070 709 1110 quoque
724 1055 835 1095 causa
849 1053 922 1092 fuit
938 1047 1116 1090 servandi
1130 1046 1266 1087 eadem
1279 1044 1544 1099 plane,quibus
1555 1045 1668 1084 illiusi
1682 1045 2077 1090 fuereLemmata‚seu
2087 1048 2234 1090 Italica,

450 1110 1044 1167 seul-Iispanica'Gallicavfflquae
1055 1103 1425 1145 tamenldiomatum
1442 1103 1603 1142 istorum
1617 1105 1761 1156 ignaris
1775 1115 1944 1154 exponet
1960 1103 2240 1145 latinoSerrno-

452 1188 502 1212 ne
517 1173 622 1212 idem
634 1173 699 1210 ille
713 1169 900 1209 Claffium
912 1169 1036 1205 Index
1050 1193 1059 1208 ‚
1074 1176 1241 1202 numero
1257 1162 1409 1213 prorsus
1421 1159 1562 1199 eodem
1591 1190 1601 1205 ,
1636 1164 1706 1212 qui
1722 1159 1907 1212 Symbolo
1921 1163 2063 1213 cuique
2085 1164 2240 1215 expisto

451 1231 661 1282 subijcitur.
723 1230 984 1282 Qaecunque
999 1220 1093 1261 verb
1108 1219 1291 1272 Symbola
1305 1219 1367 1258 vel
1381 1217 1560 1270 spenstabis
1570 1244 1580 1261 ,
1594 1216 1855 1271 vellegeaetsi
1869 1231 1912 1256 ea
1923 1217 1943 1256 ἐ
1953 1219 2086 1257 multis
2101 1246 2111 1264 ,
2124 1225 2244 1260 etiam

452 1289 611 1329 ineditis
628 1284 864 1327 Aueloribus
876 1313 885 1328 ‚
901 1296 980 1321 non
994 1280 1071 1319 sine
1085 1278 1238 1318 delectu
1266 1283 1307 1316 &
1328 1275 1477 1327 judicio
1504 1276 1731 1328 collegerim
1747 1305 1756 1321 ,
1775 1273 1878 1314 haud
1895 1288 2025 1315 tamen
2050 1279 2137 1325 illa,
2152 1292 2240 1318 tan-

455 1361 576 1400 quam
597 1350 726 1384 omnis
746 1345 912 1382 omnino
938 1342 1036 1377 naevi
1054 1341 1227 1390 expertia
1243 1364 1253 1381 ,
1280 1332 1512 1387 penitusque
1526 1333 1693 1385 perfecta
1707 1331 1806 1372 tibia
1822 1346 1886 1371 me
1901 1332 2092 1373 venditari
2107 1337 2240 1376 existi-

453 1420 550 1447 mes.
612 1402 742 1441 Multa
752 1405 895 1453 quippe
917 1396 1118 1436 celebritas
1141 1395 1205 1433 sua
1222 1423 1232 1439 ,
1247 1398 1286 1432 &
1301 1390 1568 1432 Conditorum
1591 1390 1748 1430 suorum
1761 1389 1928 1443 dignitas
1948 1390 2055 1431 haud
2071 1393 2244 1445 patIeba-

458 1477 520 1502 tur
536 1467 576 1501 in
591 1461 665 1500 hac
677 1461 762 1499 mea
779 1459 932 1510 Sylloge
947 1453 1156 1494 defiderari
1174 1468 1184 1488 .-
1214 1464 1293 1504 quo
1304 1450 1398 1489 vers>
1416 1451 1505 1488 loco
1523 1463 1567 1488 ac
1581 1452 1713 1501 precio
1738 1447 1812 1488 effe
1842 1447 1945 1501 apud
1976 1462 2013 1488 te
2030 1449 2112 1490 haec
2139 1452 2216 1504 ipsa
2229 1482 2241 1499 ,

457 1535 542 1560 tum
554 1521 628 1558 alia
640 1521 773 1556 omnia
787 1516 905 1555 velles
919 1544 927 1559 ‚
944 1527 1011 1552 tuo
1031 1512 1291 1554 nihilominus
1306 1507 1456 1558 judicio
1479 1508 1622 1559 reliqui
1639 1523 1647 1545 :
1672 1505 1876 1560 postquam
1905 1520 2043 1546 eorum
2063 1537 2075 1553 ‚
2105 1512 2174 1563 qui
2194 1508 2247 1549 de

458 1578 749 1618 construffione
762 1572 1038 1626 Symbolorum
1057 1568 1237 1621 scripsere
1250 1596 1260 1612 ,
1275 1566 1505 1605 sententiam
1526 1564 1703 1617 expofitae
1722 1567 1763 1602 in
1777 1563 1966 1603 Carmine
1980 1567 2101 1619 Leges
2116 1567 2247 1607 osteu-

458 1636 601 1677 detunt
617 1648 730 1687 :quas
749 1632 773 1670 s1
784 1630 944 1684 quando
959 1626 1112 1684 gravius
1127 1656 1136 1674 ‚
1150 1623 1396 1677 severiusque
1422 1622 1584 1663 videbor
1600 1621 1798 1675 protulisse
1811 1652 1821 1669 ,
1837 1635 1919 1661 non
1933 1621 1974 1661 id
1987 1621 2008 1661 a
2023 1636 2088 1663 me
2101 1624 2251 1672 Judicis

459 1695 687 1734 aufiloritate
705 1721 714 1736 ‚
737 1689 799 1729 sed
809 1691 1005 1728 Proeconis
1019 1685 1151 1725 officio
1171 1684 1318 1722 facturn
1337 1681 1411 1721 effe
1423 1709 1431 1724 ,
1444 1683 1548 1720 Artis
1564 1681 1676 1730 hujus
1689 1683 1804 1734 periti
1824 1681 1999 1720 Lectores
2016 1685 2248 1736 interpreta-

460 1753 625 1793 buntur.
683 1751 766 1803 Qi
782 1746 875 1786 veto
891 1748 985 1785 novi
998 1743 1046 1784 ad
1062 1744 1163 1783 hanc
1180 1739 1439 1793 Disciplinam
1455 1737 1663 1787 accedent,
1680 1743 1784 1779 viam
1798 1738 1856 1778 illi
1869 1736 1937 1777 fibi
1947 1736 1998 1778 ad
2006 1739 2172 1781 eandem
2181 1740 2255 1791 de·-⁴

461 1811 667 1850 monstrari
684 1804 789 1845 haud
803 1804 958 1859 gravate
984 1807 1190 1856 patientur.

569 1864 693 1922 Qod
713 1864 739 1902 fi
757 1863 929 1916 denique
943 1859 1138 1914 aliquibus
1154 1856 1317 1897 videbor
1329 1869 1408 1896 tam
1417 1852 1673 1895 multitudine
1686 1852 1828 1908 ,quam
1844 1856 2256 1908 paucitateSymbolo-

463 1939 554 1965 rum
570 1923 740 1979 peccasse
767 1938 778 1959 .-
808 1919 968 1974 quando
990 1919 1085 1958 hinc
1102 1916 1179 1970 ipsa
1197 1917 1411 1955 voluminis
1435 1912 1670 1967 magnitudo
1691 1925 1835 1952 terrere
1847 1914 1972 1966 potest
1992 1944 2003 1961 ,
2033 1916 2144 1955 illinc
2159 1915 2255 1956 verb

462 1984 588 2024 multa
603 1981 860 2021 nihilominus
871 2009 881 2025 ,
892 1991 1064 2032 quorum
1079 1974 1144 2029 ipfi
1156 1975 1397 2021 meminere,
1409 1974 1588 2012 Lectores
1600 1969 1875 2011 desiderabunt
1897 1989 1909 2022 3
1933 1976 1977 2012 in
1999 1984 2078 2012 tam
2091 1977 2254 2027 ancipiti

465 2041 576 2081 causa
602 2037 819 2093 praesidium
841 2037 942 2076 mihi
971 2034 1018 2074 ab
1037 2035 1232 2073 alterutris
1258 2031 1451 2086 obtinget.
1522 2030 1627 2069 Nam
1649 2033 1718 2082 qui
1740 2028 1995 2069 multitudine
2010 2029 2256 2072 delcetantur

467 2098 752 2152 Symbolorum
772 2125 782 2142 ‚
807 2107 1013 2134 numerare
1029 2092 1096 2133 hic
1110 2092 1219 2144 plura
1243 2091 1367 2129 millia
1386 2086 1540 2143 poffunt
1560 2103 1571 2127 :
1605 2093 1647 2128 &
1668 2111 1679 2128 ‚
1698 2092 1766 2141 qui
1787 2091 1917 2140 paucis
1935 2088 2023 2129 sunt
2049 2093 2253 2140 contenti,

540 2154 657 2209 longe
674 2154 749 2193 effe
770 2154 879 2206 plura
897 2151 918 2191 a
937 2150 1050 2190 nobis
1071 2148 1317 2202 praeterrniffa
1331 2145 1562 2200 probabunt.
1625 2146 1795 2199 Utrique
1809 2144 1908 2186 vero
1931 2145 2156 2188 fatebuntur
2172 2172 2186 2196 2

615 2225 745 2267 neque
756 2213 937 2263 pauciora
950 2207 1120 2247 debuisse
1135 2204 1320 2260 produci,
1330 2218 1460 2258 neque
1481 2204 1630 2256 prorsus
1643 2207 1779 2243 omnia
1801 2203 1981 2257 potuisse:
2013 2204 2106 2246 cum

725 2271 891 2309 alterurn
906 2265 955 2307 ad
968 2266 1194 2318 exemplum
1206 2278 1343 2317 parum
1358 2293 1368 2309 ‚
1383 2264 1550 2302 alterum
1566 2260 1658 2300 vero
1670 2263 1840 2302 Ledroris
1856 2266 2007 2316 patien-

867 2328 930 2379 tiae
944 2327 1114 2365 nimium
1126 2353 1138 2372 ,
1150 2336 1194 2362 ac
1203 2321 1323 2376 prope
1333 2320 1533 2361 infinitum
1543 2318 1670 2360 fuisset
1679 2320 1872 2375 futurum⁸⁴
