2451 3992
621 339 1571 423 DEDICATORIA.

181 434 291 516 Te
325 436 666 516 doceant.
714 442 814 524 Et
831 441 1022 516 vero
1040 435 1174 542 ipfi
1197 466 1509 546 quoque
1527 436 1751 519 Senes
1769 443 1992 521 nimis

183 557 411 659 quam
451 557 646 631 novi
665 555 867 642 sunt,
902 551 1099 630 sisua
1116 557 1416 631 tantum
1455 558 1680 632 aetatis
1717 580 1992 636 eventa

184 666 462 746 ndrint.
535 668 782 776 Magis
800 664 919 745 Tu
938 666 1249 773 amplias
1286 672 1513 746 aetatis
1549 691 1696 748 tuae
1729 669 1992 776 spatia,

185 785 314 889 qui
336 810 538 859 mem
548 783 836 861 oranda
855 807 1172 889 quaeque
1189 786 1536 888 priorum
1552 807 1993 891 temporum

185 921 458 975 eventa
491 896 590 974 fic
616 897 844 974 habes
859 900 1129 974 animo
1150 899 1689 1005 comprehensa
1707 958 1726 989 ,
1749 924 1832 976 ut
1852 899 1994 985 illis

184 1040 493 1118 quoque
513 1013 771 1091 Vixiffe
789 1012 1261 1118 temporibus
1281 1013 1525 1092 videri
1553 1011 1801 1121 postis,
1847 1014 1994 1093 Ne-

186 1155 334 1234 que
361 1127 518 1205 satis
542 1126 766 1205 habes
782 1189 802 1219 ,
831 1133 1156 1206 memori
1179 1133 1442 1208 omnia
1460 1153 1716 1207 mente
1735 1158 1995 1208 recon-

181 1241 392 1332 dere,
412 1241 531 1320 sed
553 1246 776 1322 etiam
800 1273 975 1321 cum
999 1246 1262 1324 animo
1302 1268 1441 1322 tuo
1478 1241 1874 1352 diligenter
1910 1270 1996 1323 ea

180 1356 578 1464 perpendis
596 1423 616 1449 ‚
639 1369 730 1450 &‚
751 1363 881 1467 qui
902 1356 1323 1465 potiffimus
1347 1357 1693 1437 Historiae
1713 1358 1991 1437 fructus

183 1473 284 1551 est
302 1536 322 1564 ,
342 1477 383 1550 e
402 1503 652 1552 rerum
677 1475 1053 1582 gestarum
1092 1473 1567 1554 documentis
1594 1533 1616 1566 ,
1653 1468 1994 1582 exempla

180 1586 353 1669 Tibi
377 1590 596 1667 sumis
616 1587 1139 1699 gerendarum.

301 1705 542 1790 Porro
564 1709 737 1785 cum
761 1733 892 1785 om
903 1732 1027 1784 nes
1049 1702 1239 1784 adeo
1261 1701 1709 1814 Disciplinae,
1726 1730 1995 1785 omnes

185 1821 406 1899 bonae
426 1820 702 1907 artesIn
708 1824 1019 1930 genium
1042 1846 1258 1900 tuum
1278 1826 1617 1902 certatim
1631 1821 1992 1912 ambiant,

183 1936 423 2015 fistere
457 1935 524 2016 se
545 1965 857 2046 quoque
892 1937 1117 2017 audet
1152 1934 1996 2025 SIMBOLOSGRA·

181 2048 466 2137 PHIA
484 2122 502 2154 ‚
522 2052 944 2161 speratque,
987 2050 1114 2134 vel
1156 2053 1237 2130 in
1257 2051 1590 2129 secundis
1627 2047 1996 2162 admistio-

183 2165 400 2244 nibus
444 2166 724 2248 locum.
801 2164 1368 2276 Occupandum
1400 2190 1648 2243 autem
1671 2164 1805 2240 fibi
1837 2171 1993 2242 hoc

183 2306 473 2388 tempus
492 2283 617 2362 illa
645 2288 945 2391 putavit
963 2348 982 2375 ,
1003 2282 1213 2391 quod
1233 2281 1701 2387 praesentiret,
1722 2275 1991 2357 littera-

185 2400 380 2476 rium
401 2398 556 2478 hoc
576 2405 822 2479 otium
840 2424 1061 2478 tuum
1100 2394 1578 2506 gravioribus
1621 2393 1836 2471 brevi
1873 2420 1995 2472 ne-

185 2517 405 2620 gotijs
440 2515 850 2623 abruptum
871 2518 978 2592 iri.
1056 2512 1183 2592 Est
1203 2512 1361 2589 haec
1394 2574 1416 2603 ,
1457 2533 1541 2588 ut
1577 2505 1861 2616 aliquid
1899 2506 1993 2586 ad

190 2633 334 2731 ejus
358 2632 1113 2710 commendationem
1127 2628 1787 2718 dicam,amoenior
1802 2650 1994 2731 quae-

190 2743 362 2823 dam
384 2742 867 2854 Philosophia
901 2811 922 2838 ,
959 2772 1189 2854 quam
1235 2739 1996 2848 vocantlmaginum.

186 2859 424 2959 Quod
445 2862 497 2941 fi
520 2862 998 2968 Philosophia
1017 2890 1180 2941 non
1208 2858 1309 2937 est
1341 2855 1637 2960 (nolim
1660 2857 1861 2933 enim
1900 2852 1994 2931 de

188 3004 385 3053 Voce
426 2981 591 3086 quis
626 2977 816 3055 mihi
850 2977 1059 3057 litem
1103 2972 1444 3054 intendat
1479 2977 1511 3070 )
1567 2968 1751 3049 illud
1777 2973 1996 3073 ‘certe

188 3089 680 3200 philosophici
701 3098 1064 3172 acuminis
1102 3090 1329 3169 instar
1364 3085 1640 3166 habere
1657 3084 1990 3174 videtur,

194 3209 272 3282 in
310 3207 525 3287 rebus
575 3215 800 3288 etiam
839 3203 1338 3288 diverfiflimis
1375 3203 1994 3282 convenientiam

192 3319 519 3428 aliquam
540 3390 560 3416 ,
578 3324 733 3402 five
756 3324 1214 3432 Analogiam
1249 3314 1992 3428 deprehendere‚vul-

195 3464 297 3542 go
335 3439 910 3519 inobservatam.
989 3439 1165 3518 Hoc
1184 3443 1375 3516 vero
1394 3434 1567 3514 facit
1587 3428 1993 3539 Symbolo-

229 3585 234 3590 ’
1102 3582 1142 3630 c
1178 3582 1216 3628 2
1834 3571 1991 3651 gra-
