<?xml version="1.0" encoding="UTF-8"?>
<!DOCTYPE html PUBLIC "-//W3C//DTD XHTML 1.0 Transitional//EN"
    "http://www.w3.org/TR/xhtml1/DTD/xhtml1-transitional.dtd">
<html xmlns="http://www.w3.org/1999/xhtml" xml:lang="en" lang="en">
 <head>
  <title>
</title>
<meta http-equiv="Content-Type" content="text/html;charset=utf-8" />
  <meta name='ocr-system' content='tesseract 3.04.00' />
  <meta name='ocr-capabilities' content='ocr_page ocr_carea ocr_par ocr_line ocrx_word'/>
</head>
<body>
  <div class='ocr_page' id='page_1' title='image "./sivedeartesymbol00bosc_0037.png"; bbox 0 0 2451 3992; ppageno 0'>
   <div class='ocr_carea' id='block_1_1' title="bbox 872 385 1920 442">
    <p class='ocr_par' dir='ltr' id='par_1_1' title="bbox 872 385 1920 442">
     <span class='ocr_line' id='line_1_1' title="bbox 872 385 1920 442; baseline 0.007 -13"><span class='ocrx_word' id='word_1_1' title='bbox 872 385 1532 433; x_wconf 86' lang='lat' dir='ltr'><em>PROPOSITIO.</em></span> <span class='ocrx_word' id='word_1_2' title='bbox 1894 393 1920 442; x_wconf 83' lang='lat'><em>5</em></span> 
     </span>
    </p>
   </div>
   <div class='ocr_carea' id='block_1_2' title="bbox 471 459 1756 1412">
    <p class='ocr_par' dir='ltr' id='par_1_2' title="bbox 476 459 1699 740">
     <span class='ocr_line' id='line_1_2' title="bbox 479 459 1665 536; baseline 0.012 -24"><span class='ocrx_word' id='word_1_3' title='bbox 479 459 596 513; x_wconf 85' lang='lat' dir='ltr'>Mox</span> <span class='ocrx_word' id='word_1_4' title='bbox 608 467 729 527; x_wconf 89' lang='lat' dir='ltr'>redit,</span> <span class='ocrx_word' id='word_1_5' title='bbox 753 488 799 517; x_wconf 86' lang='lat' dir='ltr'>ac</span> <span class='ocrx_word' id='word_1_6' title='bbox 820 472 956 519; x_wconf 87' lang='lat' dir='ltr'>obiter</span> <span class='ocrx_word' id='word_1_7' title='bbox 974 470 1173 535; x_wconf 82' lang='lat' dir='ltr'>grandem</span> <span class='ocrx_word' id='word_1_8' title='bbox 1200 475 1393 536; x_wconf 71' lang='lat' dir='ltr'><strong>percurrit</strong></span> <span class='ocrx_word' id='word_1_9' title='bbox 1417 473 1665 526; x_wconf 69' lang='lat' dir='ltr'>Ele-ochum.</span> 
     </span>
     <span class='ocr_line' id='line_1_3' title="bbox 483 531 1567 589; baseline 0.01 -11"><span class='ocrx_word' id='word_1_10' title='bbox 483 531 592 584; x_wconf 91' lang='lat' dir='ltr'>Inde</span> <span class='ocrx_word' id='word_1_11' title='bbox 613 539 692 582; x_wconf 87' lang='lat' dir='ltr'>ait:</span> <span class='ocrx_word' id='word_1_12' title='bbox 729 540 772 584; x_wconf 89' lang='lat' dir='ltr'>in</span> <span class='ocrx_word' id='word_1_13' title='bbox 795 539 943 585; x_wconf 84' lang='lat' dir='ltr'>nostris</span> <span class='ocrx_word' id='word_1_14' title='bbox 966 538 1112 586; x_wconf 81' lang='lat' dir='ltr'>Vestra</span> <span class='ocrx_word' id='word_1_15' title='bbox 1142 538 1396 586; x_wconf 79' lang='lat' dir='ltr'>Excellentia</span> <span class='ocrx_word' id='word_1_16' title='bbox 1418 542 1567 589; x_wconf 82' lang='lat' dir='ltr'>chartis</span> 
     </span>
     <span class='ocr_line' id='line_1_4' title="bbox 479 598 1699 670; baseline 0.01 -23"><span class='ocrx_word' id='word_1_17' title='bbox 479 598 695 667; x_wconf 86' lang='lat' dir='ltr'>Praecipuo</span> <span class='ocrx_word' id='word_1_18' title='bbox 717 604 794 651; x_wconf 87' lang='lat' dir='ltr'>stat</span> <span class='ocrx_word' id='word_1_19' title='bbox 817 603 962 670; x_wconf 86' lang='lat' dir='ltr'>scripta</span> <span class='ocrx_word' id='word_1_20' title='bbox 985 606 1095 652; x_wconf 90' lang='lat' dir='ltr'>loco.</span> <span class='ocrx_word' id='word_1_21' title='bbox 1141 605 1255 663; x_wconf 76' lang='lat' dir='ltr'>Cur,</span> <span class='ocrx_word' id='word_1_22' title='bbox 1293 605 1491 666; x_wconf 79' lang='lat' dir='ltr'>Furcifer,</span> <span class='ocrx_word' id='word_1_23' title='bbox 1527 619 1699 659; x_wconf 75' lang='lat' dir='ltr'>autem?</span> 
     </span>
     <span class='ocr_line' id='line_1_5' title="bbox 476 666 1624 740; baseline 0.008 -24"><span class='ocrx_word' id='word_1_24' title='bbox 476 666 548 716; x_wconf 80' lang='lat' dir='ltr'>En</span> <span class='ocrx_word' id='word_1_25' title='bbox 567 674 694 717; x_wconf 86' lang='lat' dir='ltr'>recito</span> <span class='ocrx_word' id='word_1_26' title='bbox 714 688 725 715; x_wconf 72' lang='grc' dir='ltr'><strong><em>ε</em></strong></span> <span class='ocrx_word' id='word_1_27' title='bbox 757 672 898 732; x_wconf 66' lang='lat' dir='ltr'>Qod</span> <span class='ocrx_word' id='word_1_28' title='bbox 921 676 1176 738; x_wconf 83' lang='lat' dir='ltr'>mancipium</span> <span class='ocrx_word' id='word_1_29' title='bbox 1200 673 1249 718; x_wconf 82' lang='lat' dir='ltr'>de.</span> <span class='ocrx_word' id='word_1_30' title='bbox 1270 670 1413 721; x_wconf 82' lang='lat' dir='ltr'>Gente</span> <span class='ocrx_word' id='word_1_31' title='bbox 1430 677 1624 740; x_wconf 63' lang='lat' dir='ltr'>Agarena</span> 
     </span>
    </p>

    <p class='ocr_par' dir='ltr' id='par_1_3' title="bbox 472 733 1756 1210">
     <span class='ocr_line' id='line_1_6' title="bbox 478 733 1541 800; baseline 0.007 -18"><span class='ocrx_word' id='word_1_32' title='bbox 478 733 530 782; x_wconf 88' lang='lat' dir='ltr'>In</span> <span class='ocrx_word' id='word_1_33' title='bbox 554 741 728 800; x_wconf 85' lang='lat' dir='ltr'>patriam</span> <span class='ocrx_word' id='word_1_34' title='bbox 756 740 894 786; x_wconf 88' lang='lat' dir='ltr'>multo</span> <span class='ocrx_word' id='word_1_35' title='bbox 920 740 1164 787; x_wconf 58' lang='lat' dir='ltr'>instruftum</span> <span class='ocrx_word' id='word_1_36' title='bbox 1188 739 1388 787; x_wconf 78' lang='lat' dir='ltr'>dimiserit</span> <span class='ocrx_word' id='word_1_37' title='bbox 1404 744 1541 800; x_wconf 88' lang='lat' dir='ltr'>Auro,</span> 
     </span>
     <span class='ocr_line' id='line_1_7' title="bbox 475 799 1651 873; baseline 0.008 -25"><span class='ocrx_word' id='word_1_38' title='bbox 475 799 717 852; x_wconf 84' lang='lat' dir='ltr'>Barbaricos</span> <span class='ocrx_word' id='word_1_39' title='bbox 735 821 1036 873; x_wconf 81' lang='lat' dir='ltr'>emptumque,</span> <span class='ocrx_word' id='word_1_40' title='bbox 1065 809 1322 872; x_wconf 88' lang='lat' dir='ltr'>relatumque</span> <span class='ocrx_word' id='word_1_41' title='bbox 1340 808 1437 855; x_wconf 86' lang='lat' dir='ltr'>inde</span> <span class='ocrx_word' id='word_1_42' title='bbox 1459 811 1651 857; x_wconf 54' lang='lat' dir='ltr'>caballos»</span> 
     </span>
     <span class='ocr_line' id='line_1_8' title="bbox 475 868 1608 934; baseline 0.009 -19"><span class='ocrx_word' id='word_1_43' title='bbox 475 868 625 934; x_wconf 82' lang='lat' dir='ltr'>Usque</span> <span class='ocrx_word' id='word_1_44' title='bbox 645 871 749 918; x_wconf 80' lang='lat' dir='ltr'>adeo</span> <span class='ocrx_word' id='word_1_45' title='bbox 767 874 887 921; x_wconf 75' lang='lat' dir='ltr'>stulte</span> <span class='ocrx_word' id='word_1_46' title='bbox 908 875 1064 922; x_wconf 64' lang='lat' dir='ltr'>faetum</span> <span class='ocrx_word' id='word_1_47' title='bbox 1081 876 1163 922; x_wconf 90' lang='lat' dir='ltr'>hoc</span> <span class='ocrx_word' id='word_1_48' title='bbox 1175 910 1188 932; x_wconf 91' lang='lat'>,</span> <span class='ocrx_word' id='word_1_49' title='bbox 1214 875 1379 933; x_wconf 87' lang='lat' dir='ltr'>insane,</span> <span class='ocrx_word' id='word_1_50' title='bbox 1413 876 1608 925; x_wconf 72' lang='lat' dir='ltr'>videtur?</span> 
     </span>
     <span class='ocr_line' id='line_1_9' title="bbox 475 934 1609 1003; baseline 0.005 -17"><span class='ocrx_word' id='word_1_51' title='bbox 475 934 658 986; x_wconf 85' lang='lat' dir='ltr'><strong>Prorsus.</strong></span> <span class='ocrx_word' id='word_1_52' title='bbox 705 941 829 1003; x_wconf 71' lang='lat' dir='ltr'>Qud</span> <span class='ocrx_word' id='word_1_53' title='bbox 851 942 969 989; x_wconf 83' lang='lat' dir='ltr'>facies</span> <span class='ocrx_word' id='word_1_54' title='bbox 985 977 997 999; x_wconf 93' lang='lat'>,</span> <span class='ocrx_word' id='word_1_55' title='bbox 1028 942 1057 989; x_wconf 88' lang='lat' dir='ltr'>fi</span> <span class='ocrx_word' id='word_1_56' title='bbox 1079 942 1227 990; x_wconf 83' lang='lat' dir='ltr'>videris</span> <span class='ocrx_word' id='word_1_57' title='bbox 1251 941 1348 988; x_wconf 75' lang='lat' dir='ltr'>inde</span> <span class='ocrx_word' id='word_1_58' title='bbox 1364 944 1573 991; x_wconf 86' lang='lat' dir='ltr'>reversum</span> <span class='ocrx_word' id='word_1_59' title='bbox 1589 952 1609 991; x_wconf 72' lang='grc' dir='ltr'><strong><em>ἓ</em></strong></span> 
     </span>
     <span class='ocr_line' id='line_1_10' title="bbox 474 1002 1599 1071; baseline 0.009 -22"><span class='ocrx_word' id='word_1_60' title='bbox 474 1002 753 1071; x_wconf 84' lang='lat' dir='ltr'>Audierisque</span> <span class='ocrx_word' id='word_1_61' title='bbox 770 1043 783 1065; x_wconf 88' lang='lat'>,</span> <span class='ocrx_word' id='word_1_62' title='bbox 820 1009 981 1056; x_wconf 87' lang='lat' dir='ltr'>Urbem</span> <span class='ocrx_word' id='word_1_63' title='bbox 1004 1010 1188 1057; x_wconf 86' lang='lat' dir='ltr'>resonare</span> <span class='ocrx_word' id='word_1_64' title='bbox 1206 1011 1436 1057; x_wconf 83' lang='lat' dir='ltr'>hinnitibus</span> <span class='ocrx_word' id='word_1_65' title='bbox 1456 1011 1599 1059; x_wconf 76' lang='lat' dir='ltr'>Afris?</span> 
     </span>
     <span class='ocr_line' id='line_1_11' title="bbox 473 1069 1756 1142; baseline 0.01 -25"><span class='ocrx_word' id='word_1_66' title='bbox 473 1069 605 1118; x_wconf 85' lang='lat' dir='ltr'>Tunc</span> <span class='ocrx_word' id='word_1_67' title='bbox 620 1090 722 1137; x_wconf 85' lang='lat' dir='ltr'>ego,</span> <span class='ocrx_word' id='word_1_68' title='bbox 751 1075 890 1123; x_wconf 86' lang='lat' dir='ltr'>deleto</span> <span class='ocrx_word' id='word_1_69' title='bbox 899 1112 912 1134; x_wconf 92' lang='lat'>,</span> <span class='ocrx_word' id='word_1_70' title='bbox 943 1077 1061 1142; x_wconf 88' lang='lat' dir='ltr'>quod</span> <span class='ocrx_word' id='word_1_71' title='bbox 1084 1096 1195 1125; x_wconf 89' lang='lat' dir='ltr'>nunc</span> <span class='ocrx_word' id='word_1_72' title='bbox 1216 1078 1296 1134; x_wconf 90' lang='lat' dir='ltr'>est,</span> <span class='ocrx_word' id='word_1_73' title='bbox 1329 1076 1554 1139; x_wconf 82' lang='lat' dir='ltr'>Nomine,</span> <span class='ocrx_word' id='word_1_74' title='bbox 1573 1080 1756 1131; x_wconf 83' lang='lat' dir='ltr'>Nomen</span> 
     </span>
     <span class='ocr_line' id='line_1_12' title="bbox 472 1135 1371 1210; baseline 0.007 -26"><span class='ocrx_word' id='word_1_75' title='bbox 472 1135 614 1202; x_wconf 79' lang='lat' dir='ltr'>Illius,</span> <span class='ocrx_word' id='word_1_76' title='bbox 654 1144 725 1205; x_wconf 89' lang='lat' dir='ltr'>qui</span> <span class='ocrx_word' id='word_1_77' title='bbox 747 1141 955 1191; x_wconf 81' lang='lat' dir='ltr'>Libertate</span> <span class='ocrx_word' id='word_1_78' title='bbox 980 1148 1137 1210; x_wconf 84' lang='lat' dir='ltr'>potitus</span> <span class='ocrx_word' id='word_1_79' title='bbox 1160 1151 1204 1190; x_wconf 74' lang='grc' dir='ltr'>δε</span> <span class='ocrx_word' id='word_1_80' title='bbox 1231 1145 1371 1202; x_wconf 83' lang='lat' dir='ltr'>Auro,</span> 
     </span>
    </p>

    <p class='ocr_par' dir='ltr' id='par_1_4' title="bbox 471 1203 1516 1335">
     <span class='ocr_line' id='line_1_13' title="bbox 471 1203 1516 1270; baseline 0.006 -16"><span class='ocrx_word' id='word_1_81' title='bbox 471 1203 635 1254; x_wconf 85' lang='lat' dir='ltr'>Maluit</span> <span class='ocrx_word' id='word_1_82' title='bbox 656 1209 708 1254; x_wconf 88' lang='lat' dir='ltr'>ad</span> <span class='ocrx_word' id='word_1_83' title='bbox 727 1225 910 1258; x_wconf 88' lang='lat' dir='ltr'>veterem</span> <span class='ocrx_word' id='word_1_84' title='bbox 932 1213 1077 1258; x_wconf 89' lang='lat' dir='ltr'>stultus</span> <span class='ocrx_word' id='word_1_85' title='bbox 1102 1230 1282 1258; x_wconf 82' lang='lat' dir='ltr'>remeare</span> <span class='ocrx_word' id='word_1_86' title='bbox 1305 1213 1516 1270; x_wconf 78' lang='lat' dir='ltr'>catastam,</span> 
     </span>
     <span class='ocr_line' id='line_1_14' title="bbox 472 1271 1506 1335; baseline 0.006 -14"><span class='ocrx_word' id='word_1_87' title='bbox 472 1271 710 1322; x_wconf 81' lang='lat' dir='ltr'>Sufficiam.</span> <span class='ocrx_word' id='word_1_88' title='bbox 763 1276 918 1324; x_wconf 90' lang='lat' dir='ltr'>Donec</span> <span class='ocrx_word' id='word_1_89' title='bbox 941 1277 1070 1335; x_wconf 87' lang='lat' dir='ltr'>fiant,</span> <span class='ocrx_word' id='word_1_90' title='bbox 1106 1284 1149 1322; x_wconf 72' lang='lat' dir='ltr'>S&lt;</span> <span class='ocrx_word' id='word_1_91' title='bbox 1172 1282 1214 1324; x_wconf 89' lang='lat' dir='ltr'>in</span> <span class='ocrx_word' id='word_1_92' title='bbox 1241 1280 1348 1324; x_wconf 59' lang='lat' dir='ltr'>Acta</span> <span class='ocrx_word' id='word_1_93' title='bbox 1371 1280 1506 1327; x_wconf 87' lang='lat' dir='ltr'>referri</span> 
     </span>
    </p>

    <p class='ocr_par' dir='ltr' id='par_1_5' title="bbox 472 1339 1664 1412">
     <span class='ocr_line' id='line_1_15' title="bbox 472 1339 1664 1412; baseline 0.005 -23"><span class='ocrx_word' id='word_1_94' title='bbox 472 1339 555 1389; x_wconf 85' lang='lat' dir='ltr'>Ista</span> <span class='ocrx_word' id='word_1_95' title='bbox 580 1345 706 1393; x_wconf 84' lang='lat' dir='ltr'>ctiam</span> <span class='ocrx_word' id='word_1_96' title='bbox 731 1348 923 1411; x_wconf 88' lang='lat' dir='ltr'>cupiant,</span> <span class='ocrx_word' id='word_1_97' title='bbox 956 1363 1048 1412; x_wconf 87' lang='lat' dir='ltr'>quae</span> <span class='ocrx_word' id='word_1_98' title='bbox 1068 1345 1225 1412; x_wconf 79' lang='lat' dir='ltr'>scripsi,</span> <span class='ocrx_word' id='word_1_99' title='bbox 1259 1345 1402 1411; x_wconf 80' lang='lat' dir='ltr'>scripta</span> <span class='ocrx_word' id='word_1_100' title='bbox 1419 1346 1664 1395; x_wconf 72' lang='lat' dir='ltr'>manebunt.</span> 
     </span>
    </p>
   </div>
   <div class='ocr_carea' id='block_1_3' title="bbox 1015 1471 1184 1537">
    <p class='ocr_par' dir='ltr' id='par_1_6' title="bbox 1015 1471 1184 1537">
     <span class='ocr_line' id='line_1_16' title="bbox 1015 1471 1184 1537; baseline -0.012 0"><span class='ocrx_word' id='word_1_101' title='bbox 1015 1471 1184 1537; x_wconf 76' lang='lat' dir='ltr'>VH.</span> 
     </span>
    </p>
   </div>
   <div class='ocr_carea' id='block_1_4' title="bbox 460 1570 1761 2312">
    <p class='ocr_par' dir='ltr' id='par_1_7' title="bbox 466 1570 1761 1706">
     <span class='ocr_line' id='line_1_17' title="bbox 466 1570 1761 1642; baseline 0.008 -23"><span class='ocrx_word' id='word_1_102' title='bbox 466 1580 467 1583; x_wconf 74' lang='grc'>’</span> <span class='ocrx_word' id='word_1_103' title='bbox 572 1572 670 1627; x_wconf 78' lang='lat' dir='ltr'>Unc</span> <span class='ocrx_word' id='word_1_104' title='bbox 693 1591 793 1638; x_wconf 76' lang='lat' dir='ltr'>age,</span> <span class='ocrx_word' id='word_1_105' title='bbox 821 1573 849 1620; x_wconf 81' lang='lat' dir='ltr'>si</span> <span class='ocrx_word' id='word_1_106' title='bbox 872 1570 1112 1618; x_wconf 62' lang='lat' dir='ltr'>Dominam</span> <span class='ocrx_word' id='word_1_107' title='bbox 1135 1570 1303 1637; x_wconf 77' lang='lat' dir='ltr'>pascunt</span> <span class='ocrx_word' id='word_1_108' title='bbox 1317 1572 1761 1642; x_wconf 75' lang='lat' dir='ltr'>NasturtiaRomam,</span> 
     </span>
     <span class='ocr_line' id='line_1_18' title="bbox 574 1639 1674 1706; baseline 0.006 -19"><span class='ocrx_word' id='word_1_109' title='bbox 574 1640 699 1699; x_wconf 82' lang='lat' dir='ltr'>Qid</span> <span class='ocrx_word' id='word_1_110' title='bbox 719 1639 912 1706; x_wconf 80' lang='lat' dir='ltr'>supereffe</span> <span class='ocrx_word' id='word_1_111' title='bbox 929 1641 1131 1687; x_wconf 66' lang='lat' dir='ltr'>Annona&gt;</span> <span class='ocrx_word' id='word_1_112' title='bbox 1151 1639 1355 1688; x_wconf 81' lang='lat' dir='ltr'>credimus</span> <span class='ocrx_word' id='word_1_113' title='bbox 1374 1642 1558 1691; x_wconf 85' lang='lat' dir='ltr'>Urbibus</span> <span class='ocrx_word' id='word_1_114' title='bbox 1580 1649 1674 1704; x_wconf 85' lang='lat' dir='ltr'>illis,</span> 
     </span>
    </p>

    <p class='ocr_par' dir='ltr' id='par_1_8' title="bbox 466 1701 1695 1777">
     <span class='ocr_line' id='line_1_19' title="bbox 466 1701 1695 1777; baseline 0.005 -24"><span class='ocrx_word' id='word_1_115' title='bbox 466 1701 517 1754; x_wconf 83' lang='lat' dir='ltr'>In</span> <span class='ocrx_word' id='word_1_116' title='bbox 538 1710 686 1772; x_wconf 78' lang='lat' dir='ltr'>quibus</span> <span class='ocrx_word' id='word_1_117' title='bbox 701 1743 713 1764; x_wconf 93' lang='lat'>,</span> <span class='ocrx_word' id='word_1_118' title='bbox 742 1724 787 1755; x_wconf 89' lang='lat' dir='ltr'>ut</span> <span class='ocrx_word' id='word_1_119' title='bbox 810 1711 1023 1773; x_wconf 87' lang='lat' dir='ltr'>proprium</span> <span class='ocrx_word' id='word_1_120' title='bbox 1044 1739 1057 1763; x_wconf 88' lang='lat'>,</span> <span class='ocrx_word' id='word_1_121' title='bbox 1092 1705 1179 1752; x_wconf 78' lang='lat' dir='ltr'>fixit</span> <span class='ocrx_word' id='word_1_122' title='bbox 1202 1707 1271 1754; x_wconf 76' lang='lat' dir='ltr'>sibi</span> <span class='ocrx_word' id='word_1_123' title='bbox 1294 1707 1439 1756; x_wconf 76' lang='lat' dir='ltr'>Moria</span> <span class='ocrx_word' id='word_1_124' title='bbox 1457 1710 1660 1777; x_wconf 79' lang='lat' dir='ltr'>Regnum</span> <span class='ocrx_word' id='word_1_125' title='bbox 1674 1724 1695 1763; x_wconf 68' lang='grc' dir='ltr'>θ</span> 
     </span>
    </p>

    <p class='ocr_par' dir='ltr' id='par_1_9' title="bbox 460 1773 1516 1842">
     <span class='ocr_line' id='line_1_20' title="bbox 460 1773 1516 1842; baseline 0.003 -21"><span class='ocrx_word' id='word_1_126' title='bbox 460 1773 557 1831; x_wconf 90' lang='lat' dir='ltr'>Jam</span> <span class='ocrx_word' id='word_1_127' title='bbox 576 1775 735 1840; x_wconf 81' lang='lat' dir='ltr'>pridem</span> <span class='ocrx_word' id='word_1_128' title='bbox 758 1777 917 1841; x_wconf 79' lang='lat' dir='ltr'>plangit</span> <span class='ocrx_word' id='word_1_129' title='bbox 937 1775 1106 1839; x_wconf 76' lang='lat' dir='ltr'>simplex</span> <span class='ocrx_word' id='word_1_130' title='bbox 1128 1773 1336 1823; x_wconf 78' lang='lat' dir='ltr'>Cervavia</span> <span class='ocrx_word' id='word_1_131' title='bbox 1360 1780 1516 1842; x_wconf 39' lang='lat' dir='ltr'>pectus,</span> 
     </span>
    </p>

    <p class='ocr_par' dir='ltr' id='par_1_10' title="bbox 468 1841 1535 1911">
     <span class='ocr_line' id='line_1_21' title="bbox 468 1841 1535 1911; baseline 0.004 -22"><span class='ocrx_word' id='word_1_132' title='bbox 468 1841 758 1908; x_wconf 83' lang='lat' dir='ltr'>Vicinumque</span> <span class='ocrx_word' id='word_1_133' title='bbox 777 1843 936 1890; x_wconf 82' lang='lat' dir='ltr'>Lacum</span> <span class='ocrx_word' id='word_1_134' title='bbox 958 1841 1189 1905; x_wconf 69' lang='lat' dir='ltr'>Cornfiagia</span> <span class='ocrx_word' id='word_1_135' title='bbox 1211 1843 1374 1890; x_wconf 85' lang='lat' dir='ltr'>fletibus</span> <span class='ocrx_word' id='word_1_136' title='bbox 1396 1861 1535 1911; x_wconf 83' lang='lat' dir='ltr'>auget,</span> 
     </span>
    </p>

    <p class='ocr_par' dir='ltr' id='par_1_11' title="bbox 465 1910 1642 1976">
     <span class='ocr_line' id='line_1_22' title="bbox 465 1910 1642 1976; baseline 0.002 -20"><span class='ocrx_word' id='word_1_137' title='bbox 465 1910 607 1969; x_wconf 81' lang='lat' dir='ltr'>Quod</span> <span class='ocrx_word' id='word_1_138' title='bbox 627 1911 779 1975; x_wconf 67' lang='lat' dir='ltr'>periere</span> <span class='ocrx_word' id='word_1_139' title='bbox 800 1910 1045 1958; x_wconf 62' lang='lat' dir='ltr'>suiSumma</span> <span class='ocrx_word' id='word_1_140' title='bbox 1064 1928 1162 1956; x_wconf 90' lang='lat' dir='ltr'>cum</span> <span class='ocrx_word' id='word_1_141' title='bbox 1185 1914 1364 1976; x_wconf 82' lang='lat' dir='ltr'>principe</span> <span class='ocrx_word' id='word_1_142' title='bbox 1379 1910 1557 1962; x_wconf 82' lang='lat' dir='ltr'>Census.</span> <span class='ocrx_word' id='word_1_143' title='bbox 1573 1924 1642 1971; x_wconf 83' lang='lat' dir='ltr'>(m)</span> 
     </span>
    </p>

    <p class='ocr_par' dir='ltr' id='par_1_12' title="bbox 463 1976 1605 2045">
     <span class='ocr_line' id='line_1_23' title="bbox 463 1976 1605 2045; baseline 0.004 -20"><span class='ocrx_word' id='word_1_144' title='bbox 463 1976 616 2026; x_wconf 56' lang='lat' dir='ltr'>Edicto</span> <span class='ocrx_word' id='word_1_145' title='bbox 640 1996 878 2045; x_wconf 81' lang='lat' dir='ltr'>quanquam</span> <span class='ocrx_word' id='word_1_146' title='bbox 899 1993 1069 2025; x_wconf 86' lang='lat' dir='ltr'>cautum</span> <span class='ocrx_word' id='word_1_147' title='bbox 1090 1977 1227 2033; x_wconf 85' lang='lat' dir='ltr'>foret,</span> <span class='ocrx_word' id='word_1_148' title='bbox 1263 1993 1386 2044; x_wconf 88' lang='lat' dir='ltr'>atque</span> <span class='ocrx_word' id='word_1_149' title='bbox 1407 1979 1605 2030; x_wconf 83' lang='lat' dir='ltr'>Senatus-</span> 
     </span>
    </p>

    <p class='ocr_par' dir='ltr' id='par_1_13' title="bbox 461 2044 1422 2111">
     <span class='ocr_line' id='line_1_24' title="bbox 461 2044 1422 2111; baseline 0.002 -20"><span class='ocrx_word' id='word_1_150' title='bbox 461 2045 678 2092; x_wconf 84' lang='lat' dir='ltr'>Consulto</span> <span class='ocrx_word' id='word_1_151' title='bbox 691 2080 704 2103; x_wconf 89' lang='lat'>,</span> <span class='ocrx_word' id='word_1_152' title='bbox 739 2050 841 2111; x_wconf 83' lang='lat' dir='ltr'>patri</span> <span class='ocrx_word' id='word_1_153' title='bbox 845 2051 878 2108; x_wconf 87' lang='lat' dir='ltr'>js</span> <span class='ocrx_word' id='word_1_154' title='bbox 897 2046 1037 2110; x_wconf 81' lang='lat' dir='ltr'>fruges</span> <span class='ocrx_word' id='word_1_155' title='bbox 1057 2060 1239 2092; x_wconf 88' lang='lat' dir='ltr'>avertere</span> <span class='ocrx_word' id='word_1_156' title='bbox 1256 2044 1422 2093; x_wconf 86' lang='lat' dir='ltr'>Terris:</span> 
     </span>
    </p>

    <p class='ocr_par' dir='ltr' id='par_1_14' title="bbox 461 2112 1749 2179">
     <span class='ocr_line' id='line_1_25' title="bbox 461 2112 1749 2179; baseline 0.003 -19"><span class='ocrx_word' id='word_1_157' title='bbox 461 2112 531 2160; x_wconf 70' lang='lat' dir='ltr'>Ni</span> <span class='ocrx_word' id='word_1_158' title='bbox 544 2148 556 2170; x_wconf 96' lang='lat'>,</span> <span class='ocrx_word' id='word_1_159' title='bbox 593 2131 698 2177; x_wconf 86' lang='lat' dir='ltr'>quos</span> <span class='ocrx_word' id='word_1_160' title='bbox 714 2129 786 2160; x_wconf 85' lang='lat' dir='ltr'>aut</span> <span class='ocrx_word' id='word_1_161' title='bbox 799 2114 1056 2163; x_wconf 82' lang='lat' dir='ltr'>Weilhema</span> <span class='ocrx_word' id='word_1_162' title='bbox 1077 2113 1149 2159; x_wconf 86' lang='lat' dir='ltr'>sibi</span> <span class='ocrx_word' id='word_1_163' title='bbox 1162 2143 1176 2168; x_wconf 82' lang='lat'>,</span> <span class='ocrx_word' id='word_1_164' title='bbox 1191 2128 1261 2159; x_wconf 82' lang='lat' dir='ltr'>aut</span> <span class='ocrx_word' id='word_1_165' title='bbox 1275 2112 1498 2179; x_wconf 82' lang='lat' dir='ltr'>Brunegga</span> <span class='ocrx_word' id='word_1_166' title='bbox 1513 2116 1683 2166; x_wconf 82' lang='lat' dir='ltr'>Sorores</span> <span class='ocrx_word' id='word_1_167' title='bbox 1698 2131 1749 2175; x_wconf 79' lang='lat' dir='ltr'>(n)</span> 
     </span>
    </p>

    <p class='ocr_par' dir='ltr' id='par_1_15' title="bbox 462 2174 1477 2243">
     <span class='ocr_line' id='line_1_26' title="bbox 462 2174 1477 2243; baseline 0 -16"><span class='ocrx_word' id='word_1_168' title='bbox 462 2179 646 2227; x_wconf 68' lang='lat' dir='ltr'>Nlercari</span> <span class='ocrx_word' id='word_1_169' title='bbox 661 2174 842 2227; x_wconf 84' lang='lat' dir='ltr'>Modios</span> <span class='ocrx_word' id='word_1_170' title='bbox 864 2184 989 2228; x_wconf 87' lang='lat' dir='ltr'>veteri</span> <span class='ocrx_word' id='word_1_171' title='bbox 1016 2198 1091 2243; x_wconf 87' lang='lat' dir='ltr'>pro</span> <span class='ocrx_word' id='word_1_172' title='bbox 1114 2179 1272 2226; x_wconf 82' lang='lat' dir='ltr'>foedere</span> <span class='ocrx_word' id='word_1_173' title='bbox 1294 2181 1477 2237; x_wconf 71' lang='lat' dir='ltr'>vellent,</span> 
     </span>
    </p>

    <p class='ocr_par' dir='ltr' id='par_1_16' title="bbox 461 2246 1453 2312">
     <span class='ocr_line' id='line_1_27' title="bbox 461 2246 1453 2312; baseline 0.002 -19"><span class='ocrx_word' id='word_1_174' title='bbox 461 2246 581 2294; x_wconf 74' lang='lat' dir='ltr'>Cum</span> <span class='ocrx_word' id='word_1_175' title='bbox 598 2246 706 2311; x_wconf 85' lang='lat' dir='ltr'>seges</span> <span class='ocrx_word' id='word_1_176' title='bbox 729 2248 912 2294; x_wconf 84' lang='lat' dir='ltr'>alreutris</span> <span class='ocrx_word' id='word_1_177' title='bbox 934 2249 1129 2312; x_wconf 85' lang='lat' dir='ltr'>provenit</span> <span class='ocrx_word' id='word_1_178' title='bbox 1151 2249 1311 2294; x_wconf 84' lang='lat' dir='ltr'>avarior</span> <span class='ocrx_word' id='word_1_179' title='bbox 1333 2251 1453 2311; x_wconf 79' lang='lat' dir='ltr'>agris.</span> 
     </span>
    </p>
   </div>
   <div class='ocr_carea' id='block_1_5' title="bbox 458 2468 1807 2573">
    <p class='ocr_par' dir='ltr' id='par_1_17' title="bbox 458 2468 1807 2573">
     <span class='ocr_line' id='line_1_28' title="bbox 458 2468 1807 2573; baseline 0.005 -57"><span class='ocrx_word' id='word_1_180' title='bbox 458 2469 653 2573; x_wconf 81' lang='lat' dir='ltr'>ESto,</span> <span class='ocrx_word' id='word_1_181' title='bbox 679 2473 828 2535; x_wconf 80' lang='lat' dir='ltr'>inquis,</span> <span class='ocrx_word' id='word_1_182' title='bbox 847 2469 1017 2518; x_wconf 84' lang='lat' dir='ltr'>stultus:</span> <span class='ocrx_word' id='word_1_183' title='bbox 1054 2471 1155 2537; x_wconf 88' lang='lat' dir='ltr'>quid</span> <span class='ocrx_word' id='word_1_184' title='bbox 1174 2482 1264 2519; x_wconf 72' lang='lat' dir='ltr'>‘tum</span> <span class='ocrx_word' id='word_1_185' title='bbox 1282 2480 1300 2519; x_wconf 70' lang='grc' dir='ltr'><strong><em>ἓ</em></strong></span> <span class='ocrx_word' id='word_1_186' title='bbox 1334 2473 1505 2538; x_wconf 86' lang='lat' dir='ltr'>quando</span> <span class='ocrx_word' id='word_1_187' title='bbox 1526 2481 1668 2522; x_wconf 79' lang='lat' dir='ltr'>omnia</span> <span class='ocrx_word' id='word_1_188' title='bbox 1687 2468 1807 2542; x_wconf 85' lang='lat' dir='ltr'>plena</span> 
     </span>
    </p>
   </div>
   <div class='ocr_carea' id='block_1_6' title="bbox 449 2537 1793 3143">
    <p class='ocr_par' dir='ltr' id='par_1_18' title="bbox 449 2537 1793 3143">
     <span class='ocr_line' id='line_1_29' title="bbox 564 2537 1793 2606; baseline 0.007 -23"><span class='ocrx_word' id='word_1_189' title='bbox 564 2539 802 2584; x_wconf 79' lang='lat' dir='ltr'>Stultorum</span> <span class='ocrx_word' id='word_1_190' title='bbox 824 2537 899 2584; x_wconf 82' lang='lat' dir='ltr'>effe</span> <span class='ocrx_word' id='word_1_191' title='bbox 921 2539 1059 2586; x_wconf 82' lang='lat' dir='ltr'>ferunt</span> <span class='ocrx_word' id='word_1_192' title='bbox 1082 2539 1183 2587; x_wconf 67' lang='lat' dir='ltr'>Dfae</span> <span class='ocrx_word' id='word_1_193' title='bbox 1197 2576 1210 2599; x_wconf 93' lang='lat'>,</span> <span class='ocrx_word' id='word_1_194' title='bbox 1240 2539 1541 2606; x_wconf 80' lang='lat' dir='ltr'>Humanaeque</span> <span class='ocrx_word' id='word_1_195' title='bbox 1555 2541 1793 2592; x_wconf 77' lang='lat' dir='ltr'>Cathedrae.</span> 
     </span>
     <span class='ocr_line' id='line_1_30' title="bbox 456 2603 1754 2673; baseline 0.007 -24"><span class='ocrx_word' id='word_1_196' title='bbox 456 2603 538 2650; x_wconf 86' lang='lat' dir='ltr'>Nil</span> <span class='ocrx_word' id='word_1_197' title='bbox 562 2623 739 2651; x_wconf 82' lang='lat' dir='ltr'>vacuum</span> <span class='ocrx_word' id='word_1_198' title='bbox 766 2607 822 2652; x_wconf 84' lang='lat' dir='ltr'>est</span> <span class='ocrx_word' id='word_1_199' title='bbox 847 2623 1036 2669; x_wconf 84' lang='lat' dir='ltr'>usquam.</span> <span class='ocrx_word' id='word_1_200' title='bbox 1090 2607 1291 2654; x_wconf 86' lang='lat' dir='ltr'>Numero</span> <span class='ocrx_word' id='word_1_201' title='bbox 1315 2622 1356 2653; x_wconf 87' lang='lat' dir='ltr'>te</span> <span class='ocrx_word' id='word_1_202' title='bbox 1380 2626 1587 2673; x_wconf 81' lang='lat' dir='ltr'>excerpere</span> <span class='ocrx_word' id='word_1_203' title='bbox 1609 2611 1754 2658; x_wconf 82' lang='lat' dir='ltr'>frustra</span> 
     </span>
     <span class='ocr_line' id='line_1_31' title="bbox 456 2670 1740 2739; baseline 0.007 -23"><span class='ocrx_word' id='word_1_204' title='bbox 456 2670 631 2719; x_wconf 80' lang='lat' dir='ltr'>Niteris.</span> <span class='ocrx_word' id='word_1_205' title='bbox 680 2672 778 2719; x_wconf 77' lang='lat' dir='ltr'>Esto</span> <span class='ocrx_word' id='word_1_206' title='bbox 801 2674 949 2720; x_wconf 84' lang='lat' dir='ltr'>volens</span> <span class='ocrx_word' id='word_1_207' title='bbox 976 2675 1127 2737; x_wconf 83' lang='lat' dir='ltr'>igitur,</span> <span class='ocrx_word' id='word_1_208' title='bbox 1163 2674 1279 2739; x_wconf 88' lang='lat' dir='ltr'>quod</span> <span class='ocrx_word' id='word_1_209' title='bbox 1299 2689 1339 2721; x_wconf 91' lang='lat' dir='ltr'>te</span> <span class='ocrx_word' id='word_1_210' title='bbox 1353 2673 1429 2722; x_wconf 83' lang='lat' dir='ltr'>effe</span> <span class='ocrx_word' id='word_1_211' title='bbox 1450 2675 1652 2723; x_wconf 79' lang='lat' dir='ltr'>necessum</span> <span class='ocrx_word' id='word_1_212' title='bbox 1671 2679 1740 2726; x_wconf 86' lang='lat' dir='ltr'>est.</span> 
     </span>
     <span class='ocr_line' id='line_1_32' title="bbox 457 2740 1763 2808; baseline 0.008 -26"><span class='ocrx_word' id='word_1_213' title='bbox 457 2746 609 2784; x_wconf 72' lang='lat' dir='ltr'>Author.</span> <span class='ocrx_word' id='word_1_214' title='bbox 646 2740 837 2787; x_wconf 74' lang='lat' dir='ltr'>Praeclare</span> <span class='ocrx_word' id='word_1_215' title='bbox 860 2741 929 2788; x_wconf 80' lang='lat' dir='ltr'>ista</span> <span class='ocrx_word' id='word_1_216' title='bbox 948 2759 1110 2788; x_wconf 82' lang='lat' dir='ltr'>mones.</span> <span class='ocrx_word' id='word_1_217' title='bbox 1163 2741 1261 2788; x_wconf 77' lang='lat' dir='ltr'>Vin&#39;</span> <span class='ocrx_word' id='word_1_218' title='bbox 1277 2747 1322 2786; x_wconf 71' lang='grc' dir='ltr'>ὅ(</span> <span class='ocrx_word' id='word_1_219' title='bbox 1339 2760 1406 2790; x_wconf 77' lang='lat' dir='ltr'>me</span> <span class='ocrx_word' id='word_1_220' title='bbox 1427 2758 1604 2808; x_wconf 83' lang='lat' dir='ltr'>pangere</span> <span class='ocrx_word' id='word_1_221' title='bbox 1625 2744 1763 2797; x_wconf 67' lang='lat' dir='ltr'>verius</span> 
     </span>
     <span class='ocr_line' id='line_1_33' title="bbox 455 2803 1469 2874; baseline 0.003 -21"><span class='ocrx_word' id='word_1_222' title='bbox 455 2803 651 2873; x_wconf 82' lang='lat' dir='ltr'>Insuper,</span> <span class='ocrx_word' id='word_1_223' title='bbox 688 2814 731 2853; x_wconf 86' lang='lat'>&amp;</span> <span class='ocrx_word' id='word_1_224' title='bbox 752 2807 902 2873; x_wconf 90' lang='lat' dir='ltr'>duplici</span> <span class='ocrx_word' id='word_1_225' title='bbox 928 2811 1099 2855; x_wconf 87' lang='lat' dir='ltr'>ceritum</span> <span class='ocrx_word' id='word_1_226' title='bbox 1127 2809 1319 2874; x_wconf 83' lang='lat' dir='ltr'>plaudere</span> <span class='ocrx_word' id='word_1_227' title='bbox 1342 2811 1469 2857; x_wconf 70' lang='lat' dir='ltr'>nola?</span> 
     </span>
     <span class='ocr_line' id='line_1_34' title="bbox 455 2874 1567 2942; baseline 0.003 -21"><span class='ocrx_word' id='word_1_228' title='bbox 455 2874 640 2922; x_wconf 89' lang='lat' dir='ltr'>Parebo:</span> <span class='ocrx_word' id='word_1_229' title='bbox 668 2879 763 2940; x_wconf 87' lang='lat' dir='ltr'>quia</span> <span class='ocrx_word' id='word_1_230' title='bbox 782 2894 850 2922; x_wconf 88' lang='lat' dir='ltr'>me</span> <span class='ocrx_word' id='word_1_231' title='bbox 872 2875 1005 2922; x_wconf 86' lang='lat' dir='ltr'>modo</span> <span class='ocrx_word' id='word_1_232' title='bbox 1030 2877 1396 2942; x_wconf 82' lang='lat' dir='ltr'>quinquagesimus</span> <span class='ocrx_word' id='word_1_233' title='bbox 1418 2895 1567 2936; x_wconf 85' lang='lat' dir='ltr'>annus,</span> 
     </span>
     <span class='ocr_line' id='line_1_35' title="bbox 453 2941 1578 3010; baseline 0.002 -21"><span class='ocrx_word' id='word_1_234' title='bbox 453 2941 510 2989; x_wconf 80' lang='lat' dir='ltr'>Et</span> <span class='ocrx_word' id='word_1_235' title='bbox 527 2941 722 2990; x_wconf 88' lang='lat' dir='ltr'>Lustrum</span> <span class='ocrx_word' id='word_1_236' title='bbox 748 2943 932 3008; x_wconf 70' lang='lat' dir='ltr'>pulfiant,</span> <span class='ocrx_word' id='word_1_237' title='bbox 963 2944 1238 2991; x_wconf 83' lang='lat' dir='ltr'>accommoda</span> <span class='ocrx_word' id='word_1_238' title='bbox 1263 2959 1454 3010; x_wconf 84' lang='lat' dir='ltr'>tempora</span> <span class='ocrx_word' id='word_1_239' title='bbox 1477 2945 1578 3003; x_wconf 71' lang='lat' dir='ltr'>bili,</span> 
     </span>
     <span class='ocr_line' id='line_1_36' title="bbox 452 3008 1541 3076; baseline 0.004 -20"><span class='ocrx_word' id='word_1_240' title='bbox 452 3008 571 3056; x_wconf 70' lang='lat' dir='ltr'>cum</span> <span class='ocrx_word' id='word_1_241' title='bbox 597 3011 712 3076; x_wconf 61' lang='lat' dir='ltr'>nigra</span> <span class='ocrx_word' id='word_1_242' title='bbox 736 3012 961 3059; x_wconf 88' lang='lat' dir='ltr'>humorem</span> <span class='ocrx_word' id='word_1_243' title='bbox 988 3026 1125 3058; x_wconf 85' lang='lat' dir='ltr'>murat</span> <span class='ocrx_word' id='word_1_244' title='bbox 1147 3011 1320 3075; x_wconf 82' lang='lat' dir='ltr'>fuligine</span> <span class='ocrx_word' id='word_1_245' title='bbox 1341 3014 1541 3060; x_wconf 70' lang='lat' dir='ltr'>flavum-2.</span> 
     </span>
     <span class='ocr_line' id='line_1_37' title="bbox 449 3075 1508 3143; baseline 0.001 -19"><span class='ocrx_word' id='word_1_246' title='bbox 449 3075 610 3125; x_wconf 91' lang='lat' dir='ltr'>Donec</span> <span class='ocrx_word' id='word_1_247' title='bbox 634 3079 768 3125; x_wconf 87' lang='lat' dir='ltr'>adhuc</span> <span class='ocrx_word' id='word_1_248' title='bbox 791 3078 982 3143; x_wconf 85' lang='lat' dir='ltr'>superant</span> <span class='ocrx_word' id='word_1_249' title='bbox 1003 3083 1045 3126; x_wconf 87' lang='lat' dir='ltr'>in</span> <span class='ocrx_word' id='word_1_250' title='bbox 1073 3098 1177 3126; x_wconf 86' lang='lat' dir='ltr'>cano</span> <span class='ocrx_word' id='word_1_251' title='bbox 1193 3082 1346 3126; x_wconf 88' lang='lat' dir='ltr'>vertice</span> <span class='ocrx_word' id='word_1_252' title='bbox 1364 3083 1508 3136; x_wconf 86' lang='lat' dir='ltr'>crines,</span> 
     </span>
    </p>
   </div>
   <div class='ocr_carea' id='block_1_7' title="bbox 446 3142 1892 3491">
    <p class='ocr_par' dir='ltr' id='par_1_19' title="bbox 450 3142 1546 3213">
     <span class='ocr_line' id='line_1_38' title="bbox 450 3142 1546 3213; baseline 0.003 -21"><span class='ocrx_word' id='word_1_253' title='bbox 450 3142 507 3193; x_wconf 84' lang='lat' dir='ltr'>Et</span> <span class='ocrx_word' id='word_1_254' title='bbox 526 3146 610 3193; x_wconf 86' lang='lat' dir='ltr'>fera</span> <span class='ocrx_word' id='word_1_255' title='bbox 633 3161 775 3211; x_wconf 82' lang='lat' dir='ltr'>regnat</span> <span class='ocrx_word' id='word_1_256' title='bbox 797 3146 968 3213; x_wconf 83' lang='lat' dir='ltr'>Hyems</span> <span class='ocrx_word' id='word_1_257' title='bbox 990 3150 1137 3213; x_wconf 82' lang='lat' dir='ltr'>capiti:</span> <span class='ocrx_word' id='word_1_258' title='bbox 1177 3147 1384 3195; x_wconf 83' lang='lat' dir='ltr'>Vulcania</span> <span class='ocrx_word' id='word_1_259' title='bbox 1405 3150 1546 3213; x_wconf 56' lang='lat' dir='ltr'>peetus</span> 
     </span>
    </p>

    <p class='ocr_par' dir='ltr' id='par_1_20' title="bbox 446 3214 1892 3491">
     <span class='ocr_line' id='line_1_39' title="bbox 1180 3214 1892 3275; baseline 0.001 -13"><span class='ocrx_word' id='word_1_260' title='bbox 1180 3216 1221 3262; x_wconf 87' lang='lat' dir='ltr'>A</span> <span class='ocrx_word' id='word_1_261' title='bbox 1268 3231 1285 3275; x_wconf 84' lang='lat'>3</span> <span class='ocrx_word' id='word_1_262' title='bbox 1806 3214 1892 3264; x_wconf 85' lang='lat' dir='ltr'>Sed</span> 
     </span>
     <span class='ocr_line' id='line_1_40' title="bbox 446 3278 1888 3334; baseline 0.005 -18"><span class='ocrx_word' id='word_1_263' title='bbox 446 3278 526 3329; x_wconf 81' lang='lat' dir='ltr'>(m)</span> <span class='ocrx_word' id='word_1_264' title='bbox 535 3283 689 3317; x_wconf 63' lang='lat' dir='ltr'>Nomina</span> <span class='ocrx_word' id='word_1_265' title='bbox 700 3278 914 3332; x_wconf 70' lang='lat' dir='ltr'>oppidorum</span> <span class='ocrx_word' id='word_1_266' title='bbox 929 3283 967 3316; x_wconf 79' lang='lat' dir='ltr'>in</span> <span class='ocrx_word' id='word_1_267' title='bbox 979 3281 1211 3330; x_wconf 69' lang='lat' dir='ltr'>Palatinam,</span> <span class='ocrx_word' id='word_1_268' title='bbox 1230 3282 1332 3324; x_wconf 69' lang='lat' dir='ltr'>&amp;ad</span> <span class='ocrx_word' id='word_1_269' title='bbox 1339 3289 1472 3322; x_wconf 71' lang='lat' dir='ltr'>Lacum</span> <span class='ocrx_word' id='word_1_270' title='bbox 1481 3285 1675 3322; x_wconf 81' lang='lat' dir='ltr'>Acronium</span> <span class='ocrx_word' id='word_1_271' title='bbox 1683 3282 1888 3334; x_wconf 62' lang='lat' dir='ltr'>fitorum-sz</span> 
     </span>
     <span class='ocr_line' id='line_1_41' title="bbox 448 3335 1887 3396; baseline 0.008 -25"><span class='ocrx_word' id='word_1_272' title='bbox 448 3335 628 3388; x_wconf 70' lang='lat' dir='ltr'>Hirschau</span> <span class='ocrx_word' id='word_1_273' title='bbox 641 3366 650 3379; x_wconf 77' lang='grc'><em>,</em></span> <span class='ocrx_word' id='word_1_274' title='bbox 681 3336 724 3378; x_wconf 67' lang='lat'>65</span> <span class='ocrx_word' id='word_1_275' title='bbox 735 3337 915 3375; x_wconf 69' lang='lat' dir='ltr'>Buchorn:</span> <span class='ocrx_word' id='word_1_276' title='bbox 944 3336 965 3374; x_wconf 64' lang='lat' dir='ltr'><em>d</em></span> <span class='ocrx_word' id='word_1_277' title='bbox 983 3338 1113 3391; x_wconf 56' lang='lat' dir='ltr'>lepidis</span> <span class='ocrx_word' id='word_1_278' title='bbox 1128 3343 1352 3396; x_wconf 55' lang='lat' dir='ltr'>illepidisque</span> <span class='ocrx_word' id='word_1_279' title='bbox 1371 3342 1482 3379; x_wconf 69' lang='lat' dir='ltr'>dic&#39;h&#39;s</span> <span class='ocrx_word' id='word_1_280' title='bbox 1505 3341 1678 3392; x_wconf 64' lang='lat' dir='ltr'>&amp;fac&#39;lis</span> <span class='ocrx_word' id='word_1_281' title='bbox 1696 3341 1887 3383; x_wconf 72' lang='lat' dir='ltr'>celebrata.</span> 
     </span>
     <span class='ocr_line' id='line_1_42' title="bbox 448 3393 1886 3455; baseline 0.006 -23"><span class='ocrx_word' id='word_1_282' title='bbox 448 3393 512 3443; x_wconf 86' lang='lat' dir='ltr'>(n)</span> <span class='ocrx_word' id='word_1_283' title='bbox 532 3395 639 3433; x_wconf 68' lang='lat' dir='ltr'>Talia</span> <span class='ocrx_word' id='word_1_284' title='bbox 658 3396 750 3448; x_wconf 83' lang='lat' dir='ltr'>fimt</span> <span class='ocrx_word' id='word_1_285' title='bbox 766 3400 877 3434; x_wconf 64' lang='lat' dir='ltr'>ettam</span> <span class='ocrx_word' id='word_1_286' title='bbox 900 3396 976 3433; x_wconf 65' lang='lat' dir='ltr'>alia</span> <span class='ocrx_word' id='word_1_287' title='bbox 1001 3396 1092 3436; x_wconf 80' lang='lat' dir='ltr'>duo:</span> <span class='ocrx_word' id='word_1_288' title='bbox 1128 3400 1308 3441; x_wconf 64' lang='lat' dir='ltr'>ll&#39;iv‘lhetm</span> <span class='ocrx_word' id='word_1_289' title='bbox 1329 3404 1368 3439; x_wconf 81' lang='lat' dir='ltr'>in</span> <span class='ocrx_word' id='word_1_290' title='bbox 1385 3402 1516 3446; x_wconf 59' lang='lat' dir='ltr'>Boiai,</span> <span class='ocrx_word' id='word_1_291' title='bbox 1544 3399 1584 3440; x_wconf 73' lang='lat'>(5</span> <span class='ocrx_word' id='word_1_292' title='bbox 1595 3406 1826 3455; x_wconf 80' lang='lat' dir='ltr'>Brauneggen</span> <span class='ocrx_word' id='word_1_293' title='bbox 1844 3405 1886 3441; x_wconf 81' lang='lat' dir='ltr'>in</span> 
     </span>
     <span class='ocr_line' id='line_1_43' title="bbox 449 3453 578 3491; baseline 0 0"><span class='ocrx_word' id='word_1_294' title='bbox 449 3453 578 3491; x_wconf 59' lang='lat' dir='ltr'>Yiron.</span> 
     </span>
    </p>
   </div>
  </div>
 </body>
</html>
