2451 3992
363 468 413 499 to
674 446 915 493 SEJUJO
950 443 1015 486 II.
1083 437 1321 484 Gis-:Tus

355 541 461 588 l-lccc
488 555 610 596 artas,
643 540 728 584 haec
751 537 883 601 prima
902 532 980 578 fuit
998 566 1012 585 ,‚
1045 546 1172 594 quam
1194 525 1396 574 tradimus
1415 555 1428 582 -,
1464 522 1581 572 Artis
1642 523 1647 526 ’

354 608 590 663 Conditio3
627 623 729 652 nam
744 601 962 649 Nobilitas
988 598 1202 661 antiquior
1224 594 1322 640 Atti
1630 581 1636 583 ,

356 674 559 740 Contigit
584 670 693 720 haud
718 671 820 727 ulli,
855 665 991 714 Stellis
1011 662 1272 727 Mundoque
1299 660 1437 725 priori.

357 744 478 790 Nam
501 743 586 788 duo
606 739 786 787 divisum
812 735 1021 783 traherent
1048 731 1144 778 cum
1168 732 1210 775 in
1237 728 1372 793 praelia
1394 724 1581 781 Caelum,

357 810 581 876 Aligerfim
598 843 611 866 ,
647 806 835 870 Bellique
858 801 1028 849 Duces:
1059 799 1154 845 hinc
1177 794 1367 850 Lucifer,
1402 792 1497 839 inde

356 877 593 944 Oppositus
608 874 819 922 Michael:
851 871 919 918 sua
940 870 1075 933 quivis
1098 863 1303 931 Symbola
1324 861 1438 908 scuto

358 946 533 993 Extulit.
587 947 893 994 ASCENDAM,
912 933 1181 982 ambitiosum
1199 927 1368 978 Teffera
1387 924 1519 992 signat

358 1012 626 1065 Luciferum,
661 1022 702 1054 at
717 1004 974 1053 Michaelem
993 1012 1123 1070 QUIS,
1142 1009 1289 1048 SicuT
1310 1007 1461 1045 DEUS?
1497 1009 1644 1042 armat.

363 1079 619 1146 Symbolicae
638 1075 724 1122 haec
745 1073 859 1121 Artis
880 1070 1083 1118 cunabula
1110 1069 1243 1132 prima
1270 1063 1396 1109 fuere.

359 1149 493 1196 Nunc
519 1159 688 1211 quoque
710 1141 911 1187 bellantes
926 1172 939 1195 ,
977 1134 1326 1198 Regnatoresque
1344 1128 1536 1194 superbos

359 1214 571 1268 Affecftat3
610 1211 726 1257 scires
743 1221 816 1264 ut,
844 1215 923 1270 qufi
946 1202 993 1250 sit
1014 1204 1174 1265 origine
1190 1213 1313 1245 creta.

359 1284 528 1348 Corpus
555 1279 688 1326 adhuc
708 1274 870 1322 deerat:
909 1270 977 1319 sed
998 1283 1082 1317 erat
1104 1266 1325 1314 caelestibus
1346 1263 1423 1309 illis

361 1350 585 1398 Mentibus
604 1344 885 1410 opportunior
901 1375 913 1396 ,
953 1345 996 1383 δέ
1019 1337 1159 1384 fimilis
1185 1335 1341 1396 magis,
1377 1342 1421 1376 ut
1441 1345 1530 1396 quae

361 1418 555 1465 Materiae
578 1414 712 1470 nihil,
750 1425 820 1458 aut
846 1423 1015 1456 terrenae
1034 1404 1140 1451 faecis
1158 1402 1340 1448 haberet.

361 1643 544 1750 Hinc
560 1642 734 1689 Pharios
756 1637 891 1685 delata
912 1633 1037 1682 Lares
1052 1666 1065 1689 ,
1101 1625 1387 1692 Memphitica
1403 1623 1573 1686 Regna,

473 1708 711 1778 Pyramidas
732 1707 924 1772 quamvis
946 1702 1148 1749 habitaret
1161 1730 1174 1753 ,
1213 1701 1257 1739 δέ
1277 1692 1398 1740 Atria
1414 1692 1635 1755 Regulus,

365 1779 446 1827 Nil
467 1782 572 1826 ultra
588 1777 758 1839 Corpus
777 1774 913 1821 secum
937 1770 1077 1817 attulit
1099 1766 1164 1812 illa
1183 1781 1192 1808 :
1228 1763 1363 1809 senei-a

367 1849 485 1895 Parte
506 1846 563 1893 sui
587 1844 785 1899 meliore,
824 1841 946 1887 Polo.
1015 1833 1198 1882 Morum
1216 1844 1385 1884 tamen,
1417 1830 1461 1869 δέ
1484 1838 1576 1890 quae

369 1915 485 1962 Illius
503 1915 632 1960 aetatis
650 1911 856 1974 Sapientia
878 1905 1026 1952 discere
1048 1902 1199 1967 quivit,

370 1982 549 2028 Naturae
569 1991 766 2044 praecepta
786 1975 934 2023 dabat:
972 1970 1040 2019 sed
1061 1970 1228 2031 cognita
1251 1962 1362 2020 solis,

370 2049 467 2105 Qu
487 2046 720 2102 instituere,
747 2039 1116 2107 Hieroglyphici83
1153 2032 1284 2080 Genti
1313 2023 1651 2092 Oedipodarum.

371 2117 499 2164 Anne
519 2117 650 2161 bonas
670 2115 796 2157 etiam
819 2109 951 2157 Livor
971 2106 1122 2171 premit
1144 2098 1360 2165 improbus
1375 2095 1516 2149 Artes,

375 2184 620 2231 DoCtorum
641 2181 779 2225 vitio?
828 2176 951 2222 Nam
967 2174 1122 2227 Simia,
1160 2169 1361 2220 Noetua,
1396 2162 1589 2225 Serpens,

378 2251 468 2308 Sol,
486 2250 650 2298 Oculus
664 2280 677 2301 ,
698 2243 896 2309 Coccyx,
924 2247 968 2286 &
985 2241 1110 2305 Oryx
1123 2271 1135 2294 ,
1155 2235 1438 2295 Phoenixque,
1455 2227 1658 2290 Filixque,

377 2321 580 2381 Pluraque
602 2313 793 2360 sexcentis
813 2306 1056 2355 monstrosae
1071 2304 1324 2366 AEnigmata
1343 2295 1554 2360 Sphingis,

378 2384 503 2444 Qid
523 2383 593 2428 sibi
613 2395 785 2444 quaeque
810 2376 945 2424 velint
959 2408 972 2430 ,
998 2369 1099 2436 quid
1122 2369 1300 2430 denique
1321 2362 1453 2408 dicere
1472 2355 1667 2412 mussent,

380 2449 622 2512 (Qondam
641 2447 818 2501 Pierius,
843 2442 1088 2494 Kircherus,
1116 2442 1159 2480 δέ
1180 2434 1331 2480 I-lorus
1350 2425 1513 2493 Apollo
1539 2433 1590 2479 (c)

383 2522 607 2585 Exponent
630 2515 721 2561 seris
744 2511 955 2559 aetatibus:
993 2521 1115 2570 atque
1140 2501 1343 2566 jubebunt

382 2586 565 2636 Credere
586 2600 689 2639 nos,
719 2578 836 2645 quod
859 2575 1108 2625 divinaverit
1128 2571 1224 2625 iste,
1262 2566 1331 2615 vel
1355 2563 1435 2610 ille.

388 2811 624 2914 AESopus
641 2804 802 2872 quanto
822 2799 1081 2869 popularior!
1119 2796 1254 2861 AEger
1275 2787 1385 2864 apud
1407 2803 1535 2852 quem

491 2873 828 2940 Qiadrupedum
854 2872 1044 2933 Princeps
1067 2884 1113 2912 ex
1134 2880 1255 2912 antro
1281 2866 1337 2908 ita
1358 2858 1475 2904 farier
1496 2849 1604 2906 infit,

391 2947 544 3011 Vulpis
568 2961 694 3008 opem
717 2943 925 3004 rogitans:
960 2933 1126 2983 succede
1149 2930 1388 2998 penatibus,
1407 2919 1595 2984 HospeS,

392 3014 448 3062 Et
470 3013 647 3060 medicas
673 3008 872 3055 adhibeto
898 3016 1068 3050 manus:
1099 3000 1261 3047 Arteria
1286 2994 1476 3062 pulsum-³

390 3081 552 3128 Reddit
577 3077 849 3141 inaequalem,
881 3072 1083 3135 febrisque
1109 3067 1297 3115 exaestuat
1320 3061 1454 3109 ardor·

393 3148 510 3195 Huic
534 3144 677 3193 contra
704 3143 800 3189 tales
823 3139 953 3186 reddit
975 3135 1205 3201 Vulpecula
1228 3148 1369 3185 voces,

392 3215 448 3262 Et
469 3215 609 3280 procul
633 3211 844 3257 absistens:
883 3205 1088 3270 Equidem
1101 3235 1116 3259 ,
1134 3199 1231 3248 Rex
1244 3213 1394 3261 magne
1410 3193 1643 3250 Ferarum,

394 3282 437 3328 Si
459 3300 539 3346 qua
558 3276 659 3327 fides
677 3278 803 3340 Vulpi
821 3309 833 3330 ,
863 3274 968 3320 subit
990 3273 1095 3318 hanc
1116 3267 1322 3315 miseratio
1346 3276 1586 3315 mentem->3

393 3349 448 3396 Et
468 3366 637 3414 precor,
673 3360 718 3391 ut
740 3347 868 3391 vivas.
936 3337 1102 3388 Verum
1129 3334 1286 3383 donare
1308 3330 1525 3384 salutenu«,

1694 3383 1828 3433 Haud

396 3510 455 3561 (c)
471 3507 551 3557 Qu'
570 3506 613 3544 de
623 3500 894 3556 [licrogljphiccsss
902 3496 1144 3551 AEgyptiorum
1157 3489 1373 3543 &Obelifiis
1383 3485 1614 3541 firjpftrunt.
