2451 3992
579 338 1526 421 DEDICATORIA.

149 437 314 546 quis
333 435 1042 545 quomodocunque
1057 439 1424 514 contortis
1442 499 1462 525 ,
1486 446 1556 513 ὅ(
1576 432 1669 515 ad
1689 441 1852 517 veri
1869 435 1944 518 fi,

149 548 658 632 militudinem
680 548 1014 629 confictis
1059 550 1490 629 ratiunculis
1526 553 1833 633 inducat
1867 559 1948 634 in

150 665 510 747 fraudem.
561 665 818 746 Nemo
837 662 945 743 Te
962 662 1175 743 facile
1213 671 1790 758 circumveniet,
1830 695 1952 747 ne-

150 812 288 861 mo
309 785 548 894 capiet
588 811 604 861 :
678 809 856 860 nam
876 843 897 872 ,
935 779 989 857 fi
1008 808 1174 888 quae
1192 780 1442 860 verbis
1462 781 1655 859 fraus
1691 782 1909 861 subfit
1925 847 1946 875 ,

152 899 640 1007 quantumvis
661 896 912 975 abdita
929 955 950 986 ,
969 893 1087 974 Tu
1109 924 1272 976 eam
1301 895 1513 974 facile
1532 897 1944 1003 introspicis

153 1044 238 1092 ac
257 1011 772 1118 deprehendis,
844 1013 1098 1118 Atque
1114 1012 1246 1090 ista
1262 1074 1282 1102 ,
1297 1041 1460 1119 quae
1482 1039 1947 1092 commemo*

148 1132 349 1218 ravi,
379 1126 576 1206 fivel
595 1126 745 1205 sola
763 1150 1047 1205 teneres
1081 1189 1101 1217 ,
1137 1128 1294 1205 satis
1316 1126 1423 1205 Te
1460 1128 1820 1234 supe‘rque
1855 1128 1949 1206 ad

150 1244 303 1322 hoc
324 1246 518 1320 certe
552 1267 845 1349 tempus
883 1241 1267 1348 profecisse
1302 1242 1728 1320 diceremus.
1807 1242 1951 1321 De·-

154 1359 320 1437 disti
340 1380 590 1436 autem
614 1356 930 1437 Mathefi
951 1385 1261 1465 quoque
1299 1383 1610 1464 operam
1630 1419 1650 1447 ,
1670 1386 1755 1434 ac
1775 1383 1950 1463 praee

150 1475 391 1553 sertim
415 1470 488 1549 C
496 1473 1230 1581 osmographiae,quae
1249 1471 1419 1550 Tibi
1443 1472 1799 1578 panderet
1821 1473 1949 1551 Re-

151 1594 471 1698 gionum
494 1593 847 1666 omnium
868 1651 889 1678 ,
908 1586 1382 1694 Vrbiu'mque
1401 1589 1568 1665 fitus
1588 1651 1607 1676 ,
1629 1618 1712 1664 ac
1733 1592 1951 1666 inter-

151 1703 350 1784 valla
366 1767 386 1794 ,
408 1704 650 1782 cursus
675 1703 1081 1781 fluminum
1101 1766 1120 1793 ,
1143 1706 1746 1810 opportunitates
1773 1704 1953 1785 Por-

150 1846 368 1899 tuum
405 1881 425 1910 ,
459 1819 655 1898 finus
695 1830 766 1897 &
802 1819 1028 1926 spatia
1048 1818 1400 1901 Marium.
1478 1817 1821 1896 Didicisti
1858 1841 1955 1895 et-

149 1940 296 2015 iam
316 1998 336 2027 ,
361 1964 519 2042 quo
540 1939 865 2013 maxime
897 1936 1118 2041 pacto
1139 1932 1491 2012 vallanda
1512 1933 1652 2010 sint
1673 1932 1949 2024 Castra,

153 2053 578 2131 muniendae
604 2048 1186 2141 Arces,&Vrbes.
1211 2051 1322 2125 Ac
1343 2076 1439 2126 ne
1461 2054 1515 2153 ej
1526 2049 1701 2126 usde
1721 2049 1948 2154 quide

153 2167 838 2246 Architectonicam
876 2170 1230 2272 ignorare
1267 2163 1674 2244 sustinuisti.
1750 2163 1974 2267 Quaem

153 2283 458 2391 quidem
480 2280 904 2387 Disciplinae
923 2308 1086 2357 non
1105 2279 1270 2355 sunt
1290 2278 1382 2354 ab
1406 2279 1544 2354 hac
1582 2277 1705 2353 tua
1741 2297 1948 2353 aetate

153 2398 405 2477 aliena:
440 2428 455 2476 :
529 2397 746 2489 Quin
766 2394 979 2479 Plato
1016 2392 1261 2499 aliqua
1281 2392 1528 2470 saltem
1564 2416 1773 2498 parte
1793 2391 1949 2468 Ma*

153 2513 432 2591 theseos
470 2515 789 2589 exerceri
825 2512 1158 2617 primum
1192 2506 1502 2587 volebat
1538 2505 1948 2584 adolescem-

153 2654 316 2706 tum
339 2629 669 2736 Ingenia.
714 2626 953 2730 Majus
973 2621 1157 2702 illud
1192 2622 1293 2699 est
1309 2684 1330 2712 ,
1350 2621 1557 2730 quod
1579 2650 1740 2699 eam
1764 2646 1947 2727 quo-

156 2773 301 2852 que
320 2741 903 2848 Philosophiam,
919 2765 1083 2847 quae
1103 2765 1411 2816 morum
1428 2758 1792 2843 praecepta
1812 2760 1949 2813 tra-

159 2860 303 2950 dit,
325 2856 754 2936 combibisti
774 2859 1068 2962 penitus
1086 2853 1198 2930 his
1227 2853 1392 2960 ipfis
1421 2854 1647 2936 annis,
1733 2849 1949 2939 lstud,

157 2978 464 3081 inquam
484 3037 504 3064 ,
528 2978 763 3078 majus
785 2970 916 3050 est:
943 2999 1119 3048 nam
1142 2967 1316 3045 buic
1348 2966 1770 3073 Disciplinae
1795 2967 2181 3067 A1·i-,Lj}3¹·f'⁶³0·

158 3087 446 3167 stoteles
482 3088 628 3195 ipse
646 3158 663 3190 ‚
685 3091 817 3195 qui
835 3089 1246 3194 praecipuus
1274 3088 1417 3187 ejus
1441 3081 1541 3159 est
1561 3079 1912 3189 Magister
1928 3143 1948 3170 ,

161 3204 362 3282 haud
395 3202 552 3300 satis
576 3206 821 3282 adhuc
855 3201 1175 3279 idoneos
1206 3201 1343 3277 effe
1377 3201 1684 3276 Iuvenes
1723 3196 1950 3272 existi-

161 3323 402 3396 mavit
420 3383 439 3408 ,
458 3319 668 3427 quod
686 3319 1122 3398 sedatiorem
1159 3314 1286 3393 illa
1301 3315 1551 3420 poscat
1569 3315 1908 3390 animum
1931 3374 1947 3395 ‚

161 3438 543 3544 magisque
563 3433 883 3512 liberum
904 3436 944 3510 a
984 3427 1703 3539 perturbationibus,
1720 3431 1942 3533 quam

1075 3572 1116 3621 c
1812 3538 1948 3615 effe
